1745 2813
791 126 1127 163 -‚22„‚

351 233 461 269 Cuius
494 234 562 269 hoc
594 246 707 269 unum
734 234 842 271 liceat
869 236 1033 280 repetere
1061 236 1332 284 argumentum,
1365 237 1460 281 quod
1487 236 1598 282 impe-

243 297 393 343 rativus,
422 298 483 343 qui
512 298 650 333 duobus
674 297 884 333 conficiatur
906 298 1055 345 syllabis
1081 299 1263 344 brevibus,
1290 310 1363 334 non
1389 299 1466 334 fere
1483 309 1597 345 ¹pona-

242 364 304 397 tur
331 374 353 398 a
380 362 525 398 Nasone
553 363 621 408 ita,
650 365 691 398 ut
719 363 836 398 altera
864 363 1007 409 syllaba
1034 363 1199 399 elidatur.
1245 363 1354 409 Nam,
1385 374 1475 410 quos
1503 364 1599 399 solos

243 427 325 462 huic
358 428 432 473 legi
465 428 667 463 contrarios
697 428 803 463 affert
836 429 933 464 locos
968 423 1017 477 (a.
1040 440 1071 463 a.
1095 428 1149 473 11,
1173 430 1268 473 489;
1296 428 1383 464 Met.
1404 428 1486 473 XII,
1504 429 1598 473 3093

243 493 340 537 4903
368 491 468 537 XIII,
492 489 600 539 381),
628 503 700 527 una
727 492 891 538 quamvis
919 492 1052 538 pusilla
1078 504 1150 528 non
1172 494 1294 528 tamen
1314 492 1538 539 neglegenda
1560 504 1598 527 re

244 555 415 590 differunt
448 568 470 591 a
503 557 628 591 nostro
662 556 756 601 loco,
790 556 885 601 quod
917 556 1060 601 syllaba
1087 557 1177 591 elisa
1204 568 1276 591 non
1303 556 1400 592 cadit
1426 556 1463 591 in
1491 556 1598 592 arsin.

353 618 490 654 Versus
519 618 564 665 V,
582 620 645 663 44,
668 620 718 654 45
748 619 898 654 Heinsio
927 620 1072 663 auctore
1106 619 1271 654 nonnulli
1299 622 1483 665 suspectos
1511 631 1599 665 esse,

236 683 331 726 alii,
360 684 402 716 ut
429 695 544 728 nuper
572 683 728 718 editores
756 683 883 728 Angli,
911 683 1059 718 retineri
1085 683 1288 718 voluerunt.

351 746 507 781 Versum
537 748 586 782 45
615 747 653 781 in
680 747 800 792 priore
827 749 931 792 parte
959 746 1050 781 nihil
1084 747 1268 792 praebere
1285 746 1384 791 novi,
1418 746 1454 781 in
1483 747 1599 782 altera

243 811 339 846 idem
367 812 561 857 continere,
590 811 684 858 quod
706 811 835 848 melius
864 813 901 847 et
928 811 1050 857 aptius
1075 811 1113 847 in
1133 811 1296 858 p‘roximo
1318 823 1426 848 versu
1448 805 1599 858 dicatur,

244 876 359 920 primo
394 877 525 911 obtutu
558 878 718 921 apparet.
769 877 961 911 Praeterea
995 876 1214 921 suspiciosus
1247 878 1303 912 est
1338 876 1436 921 prior
1462 888 1598 912 versus.

245 938 557 975 Commemoratur
580 940 720 975 Paridis
748 951 901 986 magnus
929 951 1016 986 erga
1044 938 1215 975 Oenonen
1237 951 1348 985 amor,
1375 939 1438 985 qui
1461 939 1499 975 in
1520 939 1598 986 ipso

244 1003 402 1039 discessu
430 1004 712 1039 luculentissime
742 1004 965 1049 apparuerit,
993 1004 1175 1039 versibus:

359 1080 409 1114 43
438 1078 553 1114 Flesti
580 1078 765 1114 discedens
784 1108 791 1115 .
811 1106 819 1114 .
838 1107 845 1114 .

358 1145 408 1179 45
438 1144 488 1178 Et
516 1144 611 1179 flesti
639 1146 676 1179 et
703 1146 846 1179 nostros
875 1143 998 1179 vidisti
1025 1144 1152 1179 flentes
1181 1144 1326 1179 ocellos:

502 1206 712 1242 Miscuimus
740 1208 908 1243 lacrimas
935 1209 1095 1242 maestus
1124 1210 1275 1253 uterque
1304 1218 1397 1243 suas.

445 1272 526 1307 Non
556 1271 607 1307 sic
635 1271 810 1317 adpositis
838 1271 994 1307 vincitur
1021 1271 1158 1307 vitibus
1186 1272 1320 1317 ulmus,

502 1336 554 1371 Ut
581 1338 646 1372 tua
673 1338 758 1371 sunt
785 1337 876 1372 collo
904 1336 1051 1372 brachia
1077 1347 1169 1371 nexa
1196 1347 1285 1371 meo.

246 1411 345 1453 Quae
374 1411 510 1447 inserta
538 1412 623 1446 sunt
650 1411 762 1446 verba

504 1488 554 1521 43
585 1512 592 1521 .
611 1515 618 1521 .
638 1513 647 1522 .
664 1478 731 1521 hoo
759 1486 889 1522 saltem
917 1497 1022 1531 parce
1051 1497 1199 1531 negare:

503 1550 706 1586 Praeterito
733 1551 849 1597 magis
878 1552 934 1585 est
960 1551 1029 1585 iste
1057 1549 1244 1595 pudendus
1272 1561 1384 1596 amor,

245 1626 310 1660 illa
337 1637 409 1661 non
436 1625 536 1660 aliud
563 1626 634 1661 nisi
661 1626 792 1671 duplex
819 1626 1046 1671 parenthesis
1068 1624 1196 1660 haberi
1216 1626 1379 1670 possunt,
1406 1636 1497 1670 quae
1521 1637 1599 1661 ora-

246 1689 337 1724 tioni
366 1689 624 1734 cogitationem
651 1690 799 1725 minime
828 1691 951 1734 aptam
976 1700 1017 1724 ac
1039 1681 1145 1734 plane
1168 1688 1324 1723 alienam
1351 1689 1462 1724 addit.
1506 1689 1598 1724 Nam

245 1764 361 1798 neque
376 1754 498 1795 ,antea
526 1752 662 1789 dictum
690 1755 747 1788 est
774 1752 942 1788 Paridem
971 1751 1135 1788 Oenones
1163 1751 1296 1787 amoris
1323 1751 1509 1798 puduisse,
1539 1763 1599 1788 ne-

245 1828 314 1862 que
343 1817 419 1852 ulla
447 1819 547 1853 extat
576 1829 699 1863 causa,
731 1829 795 1853 cur
822 1818 890 1853 hoc
917 1818 995 1853 loco
1023 1819 1171 1863 repente
1200 1815 1364 1853 Oenones
1392 1827 1493 1852 amor
1520 1829 1601 1853 cum

246 1881 407 1916 Helenae
436 1886 675 1928 comparetur.
721 1881 791 1924 Qui
818 1893 904 1917 vero
932 1881 1036 1917 nobis
1063 1881 1279 1926 persuadere
1304 1892 1494 1926 possumus
1515 1894 1601 1927 poe-

245 1947 333 1988 tam,
356 1947 398 1981 ut
420 1946 459 1980 in
481 1945 553 1981 illis
576 1946 617 1981 fit
638 1945 770 1991 verbis,
794 1944 965 1981 Oenonen
981 1944 1150 1980 inducere
1172 1943 1330 1980 voluisse
1353 1944 1458 1980 claris
1480 1946 1600 1981 verbis

247 2009 514 2054 concedentem,
542 2010 711 2045 Paridem
733 2010 847 2054 ipsius
869 2021 975 2054 posse
996 2008 1156 2054 pudere?
1184 2020 1266 2044 cum
1286 2009 1414 2054 postea
1438 2009 1526 2045 haec
1547 2009 1602 2044 illi

245 2072 358 2108 verba
386 2073 592 2119 assignaret
621 2070 670 2121 (v.
690 2074 739 2109 83
759 2067 845 2121 sq.):

352 2148 434 2182 Non
462 2149 585 2183 tamen
612 2149 654 2183 ut
681 2147 848 2182 Priamus
876 2146 1057 2192 nymphae
1087 2157 1186 2182 socer
1214 2158 1293 2182 esse
1320 2148 1478 2192 recuset,

407 2212 484 2246 Aut
510 2210 681 2246 Hecubae
709 2211 841 2246 fuerim
869 2210 1130 2246 dissimulanda
1156 2221 1279 2246 nurus.

352 2275 545 2321 Dignaque
574 2285 653 2309 sum
681 2277 717 2310 et
745 2275 848 2321 cupio
876 2275 954 2310 fieri
982 2276 1149 2310 matrona
1175 2273 1351 2319 potentis,

409 2339 502 2375 Sunt
529 2339 619 2373 mihi
647 2343 735 2384 q'uas
762 2340 903 2385 possint
930 2341 1073 2385 sceptra
1103 2339 1228 2374 decere
1256 2349 1393 2374 manus.

355 2414 494 2448 Deletis
528 2413 642 2458 igitur
674 2425 708 2448 v.
736 2410 852 2459 44s45
886 2414 973 2449 haec
1007 2398 1134 2449 restat*
1158 2412 1383 2458 parenthesis
1415 2389 1603 2458 aptissima

248 2474 329 2515 ‘hoc
358 2478 488 2515 saltem
510 2489 616 2524 parce
639 2472 787 2525 negare’
811 2474 902 2526 (scil.
926 2481 962 2514 te
986 2472 1156 2526 flevisse),
1185 2488 1275 2523 quae
1299 2477 1374 2513 sine
1398 2477 1507 2513 dubio
1529 2477 1601 2513 fuit
