1745 2813
764 153 1029 192 -28-

215 262 260 298 <10
296 262 445 298 Medeae
479 261 620 298 artibus
646 251 855 299 narratione
887 263 974 300 Met.
1003 262 1085 308 v11,
1117 264 1191 301 192
1221 274 1272 309 sq.
1302 262 1381 301 sint
1406 264 1573 310 conflata,

221 325 282 362 vix
309 326 446 363 dubito.

327 390 451 438 Atque
478 401 676 437 pronomen
704 386 795 427 ‘illa'
823 392 882 427 ter
903 391 1021 428 ieiune
1042 391 1081 427 in
1101 402 1274 428 versuum
1295 402 1375 428 sese
1396 392 1571 437 excipien-

216 456 310 492 tium
343 455 448 492 initio
482 455 642 502 positum
674 455 772 491 haud
805 455 879 493 scio
912 467 959 493 an
990 456 1171 494 inscitiam
1205 456 1394 494 sectatoris
1420 456 1572 492 alicuius

220 520 341 557 Ovidii
375 522 414 557 et
440 520 685 556 insulsitatem
712 520 892 568 redoleat,
925 522 1095 567 quoniam
1122 522 1212 563 haec
1238 521 1384 558 iteratio
1413 533 1457 557 ex
1483 521 1569 557 arti-

217 585 306 620 ficiis
346 596 424 620 esse
465 584 610 621 videtur
647 585 921 631 conglutinandi
958 586 1211 632 cogitationes,
1257 597 1348 633 quae
1386 585 1570 632 haudqua-

217 660 327 694 quam
349 648 445 684 inter
473 660 512 684 se
539 648 766 685 cohaereant.
811 649 871 685 An
897 649 1016 695 ipsum
1043 661 1241 695 pronomen
1268 650 1358 686 adeo
1386 652 1465 686 erat
1490 661 1571 696 pre·

214 713 386 749 mendum
394 708 450 760 ¹)‘?
478 712 643 758 Apparet
659 713 772 759 igitur
794 712 935 749 additos
958 724 1038 749 esse
1058 724 1186 750 versus
1209 725 1270 749 eos
1292 725 1316 749 a
1335 713 1571 760 grammatico

219 777 358 822 aliquo,
387 776 450 823 qui
477 777 583 822 plura
610 776 654 812 de
683 776 830 812 Medeae
858 777 998 812 artibus
1027 777 1264 813 desiderabat.

324 861 501 899 Similiter
528 862 625 899 aucti
653 864 738 898 sunt
759 863 792 898 X
815 862 993 909 epistulae
1020 874 1054 899 v.
1083 863 1133 899 83
1163 873 1214 908 sq.
1259 861 1351 898 Sunt
1377 862 1416 897 hi
1443 873 1569 899 versus

213 926 315 962 vario
344 926 451 962 modo
480 928 639 972 tractati,
669 939 758 974 quos
784 928 830 963 ab
852 927 1113 974 interpolatore
1136 927 1352 973 depravatos
1374 939 1453 963 esse
1475 939 1569 964 com-

215 990 339 1036 plures
368 993 584 1028 censuerunt
611 991 775 1027 homines
804 991 910 1027 docti.
962 991 1062 1034 Quae
1089 991 1126 1026 in
1154 991 1227 1027 illis
1255 991 1446 1037 exponitur
1475 991 1568 1038 cogi-

211 1055 320 1101 tatio,
353 1055 442 1092 haec
470 1058 539 1092 est:
573 1055 733 1092 Ariadne
761 1056 905 1092 deserta
933 1058 1039 1092 vasta
1065 1056 1103 1091 in
1129 1055 1248 1091 insula
1276 1051 1363 1105 (60)
1393 1055 1569 1092 sexcentis

214 1119 439 1155 cirumdatur
465 1119 644 1166 periculis.
701 1120 802 1156 Talis
830 1122 969 1166 autem,
1001 1122 1044 1156 ut
1070 1131 1164 1155 nunc
1191 1119 1333 1156 versus
1351 1131 1390 1155 se
1423 1119 1568 1166 habent,

212 1183 277 1219 illa
315 1186 373 1219 est
411 1184 620 1230 explicatio,
660 1186 701 1220 ut
736 1185 782 1220 ab
818 1183 947 1220 Ovidio
981 1195 1054 1219 11011
1085 1183 1253 1220 videatur
1286 1195 1363 1220 esse
1396 1184 1568 1229 profecta.

214 1247 346 1294 Incipit
375 1248 420 1284 ab
448 1248 522 1284 illis
550 1248 731 1294 periculis,
760 1260 851 1295 quae
876 1248 944 1284 sibi
967 1259 990 1283 a
1011 1248 1098 1283 feris
1121 1248 1333 1283 immineant
1356 1243 1568 1297 (83—86);

211 1311 312 1347 addit
339 1312 450 1348 maris
478 1314 641 1348 monstra
669 1307 758 1361 (8⁷)
787 1314 824 1348 et
852 1323 944 1358 quae
973 1313 1019 1347 ab
1042 1311 1246 1347 hominibus
1274 1312 1403 1347 timere
1436 1312 1568 1348 debeat

211 1372 315 1425 (88);
351 1378 432 1412 orat
465 1375 636 1422 denique,
668 1386 713 1411 ne
747 1375 785 1410 in
819 1376 1032 1411 servitutem
1064 1375 1264 1411 abducatur
1297 1377 1373 1411 tam
1406 1376 1519 1411 nobili
1548 1389 1566 1412 e

208 1452 342 1486 genere
371 1442 453 1476 orta
481 1436 591 1487 (89—
609 1435 689 1489 92).
746 1440 839 1475 Tum
867 1451 963 1484 vero,
991 1451 1083 1485 quae
1112 1439 1325 1486 singillatim
1357 1442 1568 1476 enumerata

209 1506 314 1539 erant
349 1499 561 1551 (83-87),
600 1515 644 1538 ea
683 1504 972 1548 complectuntur
1006 1514 1133 1539 versus
1168 1505 1235 1549 93,
1270 1505 1337 1549 94,
1372 1506 1421 1540 96
1457 1507 1495 1539 et
1528 1504 1567 1539 in

210 1568 337 1604 mediis
366 1568 422 1603 his
451 1567 661 1614 adiungitur
691 1569 756 1604 95:

403 1631 552 1667 Caelum
581 1632 753 1667 restabat.
811 1631 922 1666 timeo
952 1631 1143 1670 simulacra
1170 1631 1329 1667 deorum.

209 1695 374 1742 Denique
402 1707 484 1731 cum
511 1707 544 1732 v.
574 1696 641 1731 88:

405 1759 499 1801 Quid
526 1761 628 1795 vetat
656 1761 694 1794 et
720 1759 861 1805 gladios
889 1770 955 1804 per
982 1760 1080 1794 latus
1109 1759 1162 1794 ire
1195 1760 1320 1794 meos?

208 1823 280 1858 iam
304 1823 490 1858 hominum
518 1823 739 1859 mentionem
766 1823 909 1867 fecerit,
938 1834 983 1857 ne
1010 1822 1216 1858 hominibus
1244 1823 1400 1868 quidem,
1428 1823 1459 1858 si
1486 1823 1563 1867 qui-

208 1887 291 1922 dem
318 1887 356 1922 in
384 1887 503 1922 insula
531 1887 619 1932 sint,
647 1899 686 1922 se
714 1886 822 1922 fidem
849 1886 1058 1922 habituram
1086 1898 1165 1922 esse
1192 1889 1387 1924 asseverat.

317 1950 444 1985 Talem
467 1950 727 1985 sententiarum
750 1949 996 1985 confusionem
1017 1961 1089 1985 11011
1112 1961 1190 1985 esse
1213 1950 1298 1985 boni
1320 1952 1448 1995 poetae
1472 1951 1562 1986 satis

209 2017 371 2060 apparet.

315 2078 479 2112 Primum
515 2077 545 2112 si
577 2078 756 2123 genuinus
789 2080 886 2113 esset
919 2090 1045 2114 versus
1085 2080 1152 2124 88,
1192 2078 1293 2124 sequi
1331 2090 1402 2113 11011
1440 2081 1564 2123 posset

209 2153 336 2177 versus
367 2144 429 2187 97,
456 2153 529 2177 non
551 2143 648 2176 certe
672 2142 735 2177 illa
757 2153 945 2187 expressus
968 2143 1094 2178 forma.
1140 2142 1242 2178 Hanc
1264 2143 1386 2177 autem
1408 2142 1563 2178 formam

208 2201 298 2253 (97)
334 2217 444 2240 unam
480 2206 646 2250 usurpari
679 2205 839 2250 potuisse
874 2206 1004 2241 docent
1030 2217 1157 2242 versus
1188 2208 1239 2242 60
1267 2218 1334 2251 sq.‚
1366 2205 1498 2250 quippe
1525 2206 1563 2240 in

208 2268 338 2314 quibus
373 2280 412 2304 se
448 2268 602 2315 nescire,
634 2280 720 2304 num
754 2269 961 2305 habitarent
994 2269 1031 2304 in
1064 2269 1183 2304 insula
1209 2268 1388 2313 homines,
1420 2268 1561 2305 dixerit.

1512 2337 1531 2356 Ω

300 2404 330 2445 1)
353 2403 431 2436 Non
460 2401 619 2436 Ovidium
648 2402 714 2436 nisi
741 2403 832 2436 iusta
860 2403 903 2436 de
931 2412 1032 2447 causa
1059 2403 1125 2438 hac
1152 2402 1344 2444 anaphoras
1374 2400 1481 2444 figura
1511 2401 1562 2435 uti

214 2457 316 2490 docet
337 2457 385 2490 H.
408 2456 561 2491 Sclume:
584 2457 776 2496 Quaestion.
802 2455 957 2490 Ovidian.
981 2467 1013 2500 p.
1036 2456 1061 2489 Ι.
1095 2455 1212 2497 Progr.
1235 2465 1409 2499 progymn.
1455 2454 1561 2498 Span-
1601 2454 1607 2463 ‘

210 2510 276 2543 dau
301 2513 383 2544 1861
408 2521 440 2553 p.
467 2513 504 2543 11
530 2521 578 2553 sq.
