1745 2813
758 122 1022 160 —58-

210 231 304 267 visse
334 231 518 276 videntur3
546 242 630 266 nam
659 230 795 266 similes
824 232 922 267 sunt:
951 243 985 267 v.
1007 233 1056 268 99
1081 234 1119 268 et
1143 233 1248 269 Mart.
1271 233 1332 269 lib.
1352 235 1461 279 spect.
1480 233 1508 279 I,
1527 235 1568 280 4,

208 314 258 320 --
276 308 310 331 v.
331 296 406 331 115
427 297 466 331 et
481 296 581 331 anth.
605 290 767 344 (Meyer)
786 295 835 341 Π,
855 297 969 332 1292.
987 314 1039 320 -
1056 309 1090 332 v.
1104 298 1180 333 123
1199 298 1236 332 et
1253 296 1377 332 Claud.
1397 298 1458 341 29,
1480 299 1568 335 170.

313 359 374 395 An
407 362 514 406 putas
548 360 831 396 versificatorem
863 360 998 397 Italum
1032 361 1079 396 ad
1111 361 1178 397 hos
1212 360 1438 397 descendisse
1464 362 1566 408 cogi·

210 425 392 461 tationum
437 427 502 461 aut
545 424 814 461 enuntiatorum
859 425 1003 462 fontes?
1069 423 1249 462 Meherele
1286 437 1359 461 non
1402 428 1488 462 sunt
1524 438 1568 462 ex

208 489 298 535 illis,
333 501 422 536 quos
455 489 633 525 doctiores
661 489 759 526 illius
787 490 962 537 temporis
990 490 1076 527 Itali
1104 493 1142 527 et
1168 491 1379 528 lectitarunt
1406 490 1566 527 studiose

206 557 244 590 et
283 566 391 600 saepe
431 554 565 590 imitati
605 557 700 592 sunt.
762 555 890 600 Itaque
928 556 1044 590 multo
1085 555 1201 601 magis
1236 556 1369 592 rationi
1401 556 1568 592 convenit

206 619 327 654 varios
367 618 449 654 illos
483 618 677 664 scriptores
712 619 750 654 in
782 630 888 654 suum
920 630 1028 654 usum
1063 630 1210 655 vocasse
1250 620 1341 655 hanc
1374 619 1567 666 epistulam

206 683 391 728 Cydippae
425 695 498 719 non
530 696 633 720 secus
667 686 775 730 atque
811 683 902 719 alios
931 682 1051 720 Ovidii
1079 683 1408 730 Ovidianorumque
1441 696 1567 721 versus

205 747 332 783 crebro
361 750 625 793 expresserunt.

315 822 479 868 Denique
518 823 628 858 etiam
669 824 819 858 externa
853 833 1022 858 versuum
1056 822 1231 868 condicio,
1270 823 1495 869 corruptelae
1529 826 1567 859 et

207 886 504 932 interpolationes
538 886 635 922 haud
673 898 824 932 paucae,
858 897 918 922 eos
947 886 1168 933 antiquiores
1197 898 1288 923 saec.
1310 887 1378 922 XV
1406 890 1565 933 essete-

204 952 359 987 stantur.
434 952 602 988 Profecto
639 952 670 987 si
704 963 796 998 quae
829 952 1013 997 hucusque
1047 952 1236 987 emendata
1270 954 1369 998 sunt,
1408 953 1566 999 respicis,

203 1016 334 1050 menda
362 1016 488 1052 adesse
516 1016 627 1061 vides,
656 1028 748 1063 quae
776 1017 875 1051 nullo
904 1019 1010 1062 pacto
1039 1028 1082 1052 ex
1113 1028 1235 1052 errore
1257 1018 1566 1063 typographorum

205 1080 302 1115 nasci
325 1080 521 1126 potuerint,
545 1081 608 1116 sed
632 1092 675 1115 ex
698 1092 770 1115 una
791 1081 1109 1127 grammaticorum
1131 1081 1420 1127 interpolatione.
1455 1081 1565 1117 Cuius

203 1145 408 1190 argumenti
442 1145 515 1181 vim
550 1157 592 1180 ea
624 1148 735 1191 auget
768 1157 837 1191 res,
866 1146 961 1192 quod
989 1145 1026 1180 in
1053 1145 1186 1192 Angeli
1214 1145 1337 1181 Sabini
1374 1145 1564 1191 opusculis,

203 1220 295 1254 quae
318 1209 381 1244 illo
404 1209 483 1254 ipso
506 1212 669 1254 tempore
692 1209 898 1254 conscripta
921 1212 1016 1254 sunt,
1039 1222 1109 1254 quo
1133 1210 1215 1244 illos
1238 1221 1364 1245 versus
1383 1209 1564 1245 Ovdianos

205 1274 436 1309 elucubratos
471 1286 551 1310 esse
581 1273 722 1309 Riesius
754 1274 1022 1319 sectatoresque
1051 1272 1293 1318 suspicantur,
1327 1273 1397 1309 nisi
1425 1285 1564 1309 errores

203 1338 487 1384 typographicos
523 1338 625 1373 nulla
652 1337 889 1383 deprehendis
918 1337 1023 1383 vitia;
1057 1348 1141 1372 nam
1169 1338 1201 1373 si
1229 1349 1320 1384 quae
1349 1338 1421 1373 alia
1448 1350 1563 1373 omre-

204 1404 335 1438 xerunt
362 1402 525 1438 homines
554 1402 661 1446 docti,
689 1402 784 1437 falsa
813 1413 982 1437 versuum
1010 1401 1239 1448 antiquitatis
1268 1401 1337 1437 fide
1366 1402 1464 1438 ducti
1490 1413 1562 1438 ser-

204 1478 347 1501 monem
374 1478 446 1501 non
474 1468 599 1512 aperte
628 1467 761 1501 falsum
790 1466 1048 1512 elegantiorem
1076 1465 1226 1501 reddere
1247 1457 1480 1502 'studuerimt

313 1540 484 1576 Ceterum
519 1552 573 1586 ep.
600 1541 663 1575 XX
693 1540 805 1576 totius
834 1542 959 1576 auctor
986 1551 1058 1576 non
1086 1551 1190 1575 secus
1218 1542 1328 1587 atque
1355 1541 1440 1576 XIX
1468 1537 1562 1576 ‘dili-

202 1606 331 1650 genter
359 1616 398 1639 se
427 1604 624 1640 insinuavit
651 1605 689 1639 in
718 1604 837 1640 Ovidii
865 1604 1058 1640 dictionem
1086 1606 1195 1650 atque
1223 1602 1353 1640 artem'
1382 1603 1564 1651 (Diltheyi

203 1665 350 1716 verba),
389 1680 455 1704 nec
494 1669 610 1705 solum
649 1668 850 1715 generatim
883 1680 966 1703 eum
999 1668 1162 1705 imitatus
1196 1671 1263 1714 est,
1297 1668 1360 1704 sed
1393 1680 1562 1704 versuum

203 1733 313 1768 etiam
341 1733 539 1778 particulas
567 1733 604 1768 in
634 1745 739 1768 suum
766 1745 911 1768 carmen
941 1733 1130 1769 transtulit
1157 1734 1264 1778 plane
1293 1733 1418 1769 eodem
1445 1733 1567 1779 modo,

203 1809 274 1843 quo
313 1797 351 1832 id
390 1798 526 1833 factum
566 1797 730 1833 videmus
770 1797 806 1832 in
846 1797 975 1832 ceteris
1009 1796 1176 1842 epistulis
1210 1796 1359 1842 antiquo
1392 1808 1482 1833 aevo
1516 1798 1561 1832 ad

204 1861 324 1898 Ovidii
352 1862 537 1907 exemplar
565 1861 718 1907 scriptis.
764 1860 1006 1897 Conferantur
1033 1861 1095 1907 qui
1123 1861 1205 1907 plus
1234 1860 1399 1897 minusve
1426 1861 1560 1897 similes

204 1928 289 1962 sunt
316 1926 386 1961 loci
414 1926 466 1960 hi:

294 2008 355 2049 Ep.
374 2006 548 2049 Cydippae
572 2019 601 2040 v.
624 2011 662 2039 13
681 2008 716 2040 et
732 2006 812 2039 Met.
831 2006 889 2047 111,
907 2009 984 2047 395,
1008 2017 1059 2048 ep.
1078 2006 1147 2040 her.
1167 2006 1223 2047 IV,
1241 2010 1291 2041 70.
1314 2025 1352 2031 -
1372 2010 1411 2039 16
1428 2007 1464 2040 et
1480 2006 1559 2040 Met.
1604 2030 1610 2032 >

205 2061 277 2101 VII,
297 2065 369 2094 343.
396 2079 434 2084 -
462 2064 499 2092 18
519 2062 554 2092 et
575 2071 592 2092 e
610 2061 647 2092 P.
667 2061 706 2099 Il,
727 2065 776 2100 10,
794 2064 844 2092 35.
866 2079 904 2083 —
923 2065 964 2092 22
983 2061 1019 2092 et
1034 2061 1070 2092 F.
1088 2061 1129 2100 Π,
1150 2064 1224 2099 170,
1243 2061 1297 2092 Tr.
1316 2061 1342 2101 I,
1361 2064 1389 2100 1,
1409 2064 1486 2099 124,
1503 2060 1560 2101 IV,

203 2119 233 2153 6,
254 2118 305 2146 32.
330 2134 369 2137 -
394 2117 436 2146 25
455 2115 489 2146 et
509 2114 590 2146 Met.
608 2114 633 2154 Ι,
652 2117 729 2153 526,
754 2114 808 2146 Tr.
827 2114 852 2154 1,
870 2117 900 2154 3,
919 2117 970 2147 69.
989 2132 1028 2137 -—
1048 2117 1089 2146 27
1107 2114 1142 2146 et
1158 2114 1238 2147 Met.
1256 2113 1345 2153 VIII,
1368 2117 1442 2145 212.
1459 2131 1502 2137 -
1519 2117 1563 2157 28,

202 2170 238 2200 et
255 2179 306 2209 ep.
327 2168 367 2207 X,
387 2171 458 2200 140.
478 2186 518 2191 —-
536 2171 578 2200 29
591 2177 640 2209 sq.
658 2168 694 2200 et
719 2177 772 2209 ep.
790 2166 864 2208 VII,
881 2170 932 2200 45.
953 2185 991 2190 —
1010 2170 1050 2199 31
1070 2168 1105 2200 et
1121 2167 1191 2199 her.
1210 2167 1298 2208 XIX,
1318 2170 1388 2200 199.
1408 2185 1447 2191 —-
1467 2171 1507 2200 32
1525 2169 1560 2200 et

203 2222 257 2252 Tr.
277 2220 317 2260 V,
338 2224 389 2260 12,
407 2223 459 2253 48.
480 2239 518 2243 -
538 2224 579 2252 36
597 2221 633 2252 et
649 2230 702 2261 ep.
720 2219 809 2260 XIII,
827 2223 885 2259 45,
903 2220 984 2252 Met.
997 2219 1053 2260 XI,
1071 2224 1145 2252 322.
1164 2238 1203 2243 -
1221 2224 1263 2252 46
1281 2221 1316 2251 et
1332 2220 1413 2252 Met.
1428 2221 1467 2260 V,
1484 2223 1562 2253 448.

204 2293 241 2297 —
261 2277 302 2305 48
320 2274 356 2306 et
372 2272 407 2305 F.
427 2273 452 2314 Ι,
470 2276 549 2312 4823
572 2273 625 2306 Tr.
646 2274 670 2314 Ι,
691 2277 740 2314 10,
759 2277 810 2306 42.
830 2292 869 2296 —
888 2276 930 2305 50
951 2274 987 2306 et
1001 2272 1082 2306 Met.
1101 2272 1174 2313 ΧΠ,
1195 2275 1271 2313 153,
1295 2272 1382 2312 xm,
1400 2276 1481 2312 467,
1504 2273 1557 2306 Tr.

205 2327 247 2367 ΙΙ,
266 2331 339 2359 121.
360 2346 396 2350 -
418 2330 457 2359 51
477 2328 513 2359 et
530 2336 582 2368 ep.
600 2326 672 2366 XV,
691 2330 741 2359 71.
761 2346 802 2350 -
820 2329 947 2359 71-74
966 2328 1001 2358 et
1017 2336 1069 2368 ep.
1087 2326 1128 2367 V,
1146 2329 1198 2359 50.
1216 2345 1255 2349 -
1275 2329 1316 2358 76
1334 2326 1369 2357 et
1385 2336 1436 2367 ep.
1453 2326 1558 2367 XVII,

206 2384 282 2421 130;
305 2380 387 2413 Met.
406 2380 431 2421 I,
451 2383 500 2413 18.
523 2399 559 2402 —
579 2383 620 2413 80
638 2381 673 2412 et
690 2390 741 2422 ep.
760 2380 802 2421 ΙΙ,
822 2383 893 2413 125.
912 2398 952 2403 -
971 2383 1011 2413 81
1038 2390 1086 2421 sq.
1112 2381 1147 2412 et
1162 2379 1242 2411 Met.
1260 2378 1348 2418 VIII,
1366 2383 1439 2412 220.
1458 2398 1499 2404 —-
1516 2383 1557 2413 83

202 2436 237 2466 ct
254 2445 321 2467 am.
346 2435 403 2476 ΙΙΙ,
427 2439 457 2475 5,
475 2438 532 2475 27,
556 2433 636 2467 Met.
661 2435 718 2475 IV,
742 2439 798 2475 99,
822 2434 894 2476 XII,
912 2439 992 2476 320,
1021 2438 1100 2474 366,
1130 2434 1185 2467 Tr.
1202 2433 1260 2474 ΙΙΙ,
1278 2437 1308 2473 9,
1328 2436 1377 2466 11.
1402 2453 1439 2457 —
1464 2438 1505 2467 86
1523 2437 1559 2468 et

204 2487 283 2522 Met,
307 2488 381 2530 VII,
404 2492 483 2528 325,
513 2489 548 2520 F.
573 2488 629 2530 IV,
654 2491 725 2521 688.
748 2507 791 2511 -
814 2492 854 2522 89
878 2489 914 2520 et
934 2486 1014 2520 Met.
1032 2487 1073 2528 V,
1091 2490 1150 2528 52,
1174 2486 1214 2528 X,
1231 2490 1305 2520 263.
1331 2505 1370 2511 -
1394 2491 1434 2521 92
1452 2489 1488 2521 et
1503 2498 1556 2532 ep.
