1745 2813
730 115 990 154 „25-

189 227 272 263 dem
310 238 390 263 eam
431 226 653 263 delineatam
691 226 730 262 et
755 236 779 261 a
815 225 933 271 poetis
972 219 1091 273 (velut
1122 237 1146 261 a
1177 219 1354 274 Lucieno)
1394 224 1536 261 narrari

183 291 357 328 videmus.
398 291 593 327 Praeterea
625 289 837 327 offendimus
863 290 903 325 in
928 289 1193 325 construetione
1219 302 1253 326 v.
1273 276 1321 326 ‘1‘7
1351 289 1472 326 subito
1499 291 1538 324 et

183 355 311 401 durius
343 356 497 391 mutata.
556 345 684 401 Itaque
716 366 748 390 v.
775 354 933 391 74—83
966 353 1235 399 interpolatoris
1269 354 1418 390 alieuius
1455 363 1533 389 esse

185 419 364 465 videntur,
392 422 430 455 et
440 419 613 455 fortasse
639 418 694 454 ita
719 429 801 454 oum
827 430 862 455 v.
892 419 941 455 73
970 429 1082 454 nexus
1111 420 1168 454 est
1194 417 1415 454 efficiendus:

306 484 353 519 73
383 483 485 518 Inter
511 482 674 519 Ioniacas
700 482 884 518 calathum
911 482 1057 518 tenuisti
1082 482 1239 528 puellas,

303 535 354 583 84⁴
437 547 619 594 namque
644 547 818 583 narrabas
846 545 1106 582 dissimulanda
1132 546 1212 582 tibi.

188 622 340 658 Videtur
360 622 427 658 hac
449 634 488 658 re
510 622 716 668 coniectura
736 633 819 658 mea
839 621 969 667 fulciri,
997 621 1093 667 quod
1116 621 1259 667 saepius
1287 621 1339 657 ita
1366 633 1388 657 a
1414 622 1531 667 poetis

183 685 338 721 feminae
361 685 448 722 dum
471 686 533 722 fila
556 686 736 722 deducunt
753 687 790 722 et
807 685 951 721 omnino
967 685 1063 721 inter
1081 697 1209 730 operas
1232 685 1426 720 muliebres
1449 697 1530 720 nar-

185 752 307 786 rantes
335 750 553 787 inducuntur
579 751 742 786 fabellas.
787 750 832 786 cf.
856 749 934 786 Tib.
963 749 993 795 Ι,
1022 751 1057 795 3,
1086 750 1155 796 85;
1182 748 1290 795 Verg.
1315 749 1445 796 Georg.
1469 749 1533 795 IV,

187 814 281 859 3343
310 807 374 856 Ov.
403 813 488 848 Met.
517 813 581 857 IV,
607 813 685 849 init.
695 810 735 861 ¹).

815 907 893 953 §4.

291 983 340 1019 Et
361 983 423 1019 ille
446 982 589 1031 quidem
612 984 710 1019 locus
733 983 895 1029 exemplo
916 982 1020 1018 nobis
1043 984 1109 1029 est,
1133 981 1228 1029 quod
1248 981 1384 1029 doceat,
1407 993 1529 1030 quem-

184 1048 376 1083 admodum
402 1048 578 1094 genuinae
602 1050 733 1093 ›poetae
757 1048 956 1083 sententiae
978 1048 1217 1092 amplificatae
1239 1050 1277 1083 et
1300 1050 1425 1083 auctae
1448 1048 1530 1083 sint.

290 1111 458 1158 Adiungo
485 1112 553 1147 hoo
582 1112 798 1157 exemplum:
832 1111 895 1157 IV,
923 1124 955 1147 v.
987 1113 1061 1147 137
1092 1122 1143 1157 sq.
1207 1111 1400 1147 Sedtamen
1428 1111 1459 1147 si
1486 1111 1530 1147 de

184 1175 255 1212 hia
277 1175 498 1220 disputaturi
537 1187 677 1221 sumus,
720 1176 861 1221 longius
899 1176 1136 1211 recedendum
1175 1178 1246 1221 est,
1290 1178 1332 1211 ut
1373 1175 1530 1220 primum

185 1240 383 1284 statuatur,
417 1239 479 1274 ubi
506 1241 706 1276 morantem
735 1239 823 1275 velit
846 1241 955 1285 poeta
981 1238 1183 1275 Phaedram
1211 1238 1373 1286 cogitari.
1428 1239 1531 1275 Nunc

183 1303 279 1337 enim
307 1313 351 1337 ex
377 1302 553 1347 epistulae
581 1302 701 1338 verbis
729 1303 891 1337 concludi
912 1303 988 1337 fere
1006 1303 1099 1337 solet
1120 1313 1201 1337 eam
1223 1305 1262 1337 et
1282 1302 1399 1347 ipsam
1420 1303 1530 1338 Troe-

182 1377 278 1410 zene,
306 1365 370 1400 ubi
392 1365 611 1412 Hippolytus
633 1365 820 1412 privignus
842 1366 938 1411 apud
960 1352 1132 1411 Eognatos
1155 1365 1338 1412 educatur,
1364 1366 1529 1402 habitan-

184 1432 259 1466 tem
286 1429 381 1475 fingi.
436 1429 561 1476 Neque
589 1441 675 1465 vero
704 1431 802 1465 recte
829 1429 897 1465 hoo
924 1429 1002 1464 fieri
1029 1431 1128 1474 puto.

289 1493 426 1528 Notum
449 1495 506 1528 est
530 1493 568 1527 in
590 1492 930 1538 Metamorphoseon
955 1493 977 1527 l.
1001 1492 1078 1537 XV,
1101 1505 1134 1528 v.
1153 1493 1232 1528 500
1255 1504 1306 1539 sq.
1314 1487 1345 1539 ²)
1380 1492 1532 1529 Athenis

183 1558 389 1593 versantem
421 1568 501 1596 eam
534 1568 556 1591 a
588 1558 697 1602 poeta
728 1557 863 1593 induci:
899 1556 1064 1603 idemque
1097 1556 1136 1591 in
1168 1557 1235 1592 hac
1267 1556 1422 1602 epistula.
1454 1557 1533 1591 fieri

182 1621 271 1655 mihi
294 1620 448 1656 videtur.
493 1620 600 1656 Certe
622 1632 693 1657 non
716 1623 920 1666 repugnant
940 1621 1023 1656 huie
1047 1621 1245 1657 sententiae
1267 1633 1392 1657 versus
1417 1623 1532 1666 7—9,

183 1684 246 1720 ubi
274 1695 312 1721 se
339 1695 421 1722 eum
448 1686 569 1722 amato
597 1683 697 1731 loqui
724 1685 889 1721 conatam
921 1695 993 1721 non
1027 1695 1105 1720 esse
1138 1684 1240 1731 dicit3
1273 1696 1357 1721 nam
1389 1684 1531 1732 quando

183 1735 248 1784 aut
281 1760 351 1794 quo
384 1750 462 1785 loco
494 1749 584 1784 illud
617 1749 697 1794 fiat,
729 1760 801 1784 non
828 1748 987 1793 additur3
1021 1760 1136 1795 neque
1164 1761 1184 1785 e
1211 1761 1245 1785 v.
1275 1751 1323 1786 39
1353 1761 1430 1796 sqq.
1457 1750 1532 1785 tale

272 1884 304 1921 1)
326 1881 460 1913 Addere
489 1882 592 1914 liceat
618 1882 763 1922 primum
792 1881 897 1914 aliam
925 1881 1015 1913 viam
1043 1882 1129 1915 hano
1155 1881 1326 1914 tractandi
1348 1881 1530 1922 epistulam

183 1944 237 1967 me
266 1933 454 1975 ingressum
482 1934 594 1967 fuisse.
645 1934 729 1967 Cum
757 1933 847 1967 enim
874 1934 910 1966 in
937 1934 1002 1966 fine
1031 1927 1198 1976 epistulae
1230 1934 1309 1967 inde
1339 1944 1361 1966 a
1395 1946 1427 1966 v.
1458 1937 1529 1974 143,

183 1987 242 2020 ubi
273 1987 415 2020 alteram
443 1988 575 2029 partem
601 1986 751 2030 incipere
778 1989 890 2030 patet,
924 1997 985 2030 per
1012 1987 1166 2029 strophas
1195 1987 1316 2020 deduci
1343 1986 1530 2022 orationem

183 2052 251 2074 non
279 2040 325 2073 sit
344 2041 610 2082 neglegendum,
643 2042 745 2082 atque
767 2041 802 2073 in
826 2040 954 2073 relicua
984 2051 1118 2082 quoque
1147 2040 1294 2082 epistula
1320 2051 1387 2073 non
1414 2040 1531 2082 paucis

182 2094 266 2128 locis
295 2093 486 2127 simillimae
518 2094 708 2126 structurae
739 2093 866 2127 indicia
887 2096 1089 2136 appareant,
1111 2095 1151 2126 ut
1173 2093 1246 2126 seni
1267 2104 1382 2127 versus
1405 2093 1530 2126 arctius

184 2149 397 2189 cohaereant,
420 2157 495 2180 eam
517 2147 656 2188 quidem
678 2148 815 2182 omnino
837 2158 859 2179 a
873 2147 1009 2181 Nasone
1031 2147 1066 2179 in
1089 2148 1153 2180 hae
1175 2147 1323 2189 epistula
1339 2147 1530 2180 adhibitam

183 2211 255 2234 esse
278 2203 488 2243 putaveram.
530 2200 714 2233 Sedtamen
731 2210 807 2233 eum
829 2200 867 2232 in
888 2200 983 2232 nulla
1000 2200 1069 2232 alia
1084 2200 1232 2241 epistula
1247 2211 1315 2233 non
1331 2200 1436 2234 dubia
1451 2201 1530 2233 talis

171 2253 459 2291 ,conformationis
481 2253 670 2295 strophioae
693 2252 820 2287 indicia
842 2253 1093 2296 deprehendere
1115 2263 1261 2296 possem,
1284 2254 1386 2294 atque
1408 2253 1443 2286 in
1465 2254 1530 2287 hac

183 2307 259 2349 ipsa
282 2307 439 2349 epistula,
462 2307 491 2340 si
514 2317 589 2340 eam
611 2306 787 2340 restituere
809 2306 1002 2347 voluissem,
1031 2316 1147 2339 versus
1169 2306 1365 2347 ceteroquin
1385 2316 1453 2340 non
1474 2318 1530 2340 su-

184 2360 291 2402 specti
314 2359 473 2393 eiiciendi
495 2359 648 2401 fuissent,
669 2369 737 2393 non
760 2359 844 2393 satis
866 2361 962 2393 certa
983 2359 1113 2393 ratione
1136 2369 1191 2392 me
1206 2367 1440 2400 processurum
1456 2370 1531 2393 esse

183 2412 346 2447 intellexi.
721 2446 723 2448 .

270 2469 304 2509 2)
326 2467 376 2499 Ex
398 2467 433 2500 F.
457 2467 516 2509 VI,
539 2471 598 2500 ’137
623 2476 673 2509 sq.
695 2466 782 2500 nihil
803 2466 920 2510 colligi
940 2467 1057 2510 potest
1078 2466 1120 2500 de
1142 2467 1207 2500 hac
1228 2476 1274 2500 re.
