1745 2813
695 119 1013 158 Δ,.;>,8..

208 228 303 273 xix,
323 229 397 263 241
419 238 485 273 sq.:

400 302 560 349 Longior
587 302 770 336 infirmum
797 313 841 337 ne
870 303 983 338 lasset
1010 302 1168 348 epistula.
1197 312 1341 347 corpus,

456 365 659 411 Clausaque
686 367 858 401 consueto
887 366 935 401 sit
961 365 1029 401 tibi
1056 366 1126 402 fine
1134 365 1150 411 ,'
1170 366 1267 401 vale!

316 452 413 487 Illud
441 451 638 495 distichon,
672 451 767 497 quod
795 463 889 486 nunc
917 452 1060 486 constat
1088 462 1166 486 esse
1194 451 1232 486 in
1259 451 1460 497 Puteaneo,
1495 451 1567 487 iam

209 517 254 551 ab
283 516 434 551 Heinsio
462 516 624 550 deletum
651 518 723 559 est,
758 515 887 551 deinde
918 516 963 551 ab
992 515 1073 550 aliis
1102 512 1161 563 (ut
1188 528 1210 550 a
1238 516 1417 562 Gruppio,
1450 517 1568 552 Minos

208 591 242 622 p.
261 575 368 625 462),
391 579 480 614 haec
503 579 573 613 duo
592 590 614 612 a
631 578 803 623 Diltheyo
827 575 888 626 (de
907 578 1045 613 Gallim.
1066 579 1230 624 Cydippa
1248 592 1282 625 p.
1303 576 1408 627 147).
1447 562 1567 626 Atque

213 654 294 678 cum
328 643 437 688 longe
470 642 620 687 plurimi
649 642 680 677 si
707 642 745 676 in
772 643 932 677 extremo
961 641 1081 687 aliquo
1109 642 1267 678 carmine
1295 643 1495 680 afferuntur
1522 644 1566 679 ti-

211 707 295 752 tuli,
330 707 392 753 qui
425 707 484 741 vel
517 706 555 741 in
583 706 746 751 sepulcro
775 705 1018 740 inscribantur
1049 705 1109 740 vel
1141 705 1245 751 alibi,
1281 706 1318 740 in
1345 706 1484 742 ultimis
1512 719 1569 743 ex-

211 772 290 805 tent
309 770 474 805 versibus
492 766 554 817 (cf.
572 770 646 804 her.
665 769 712 814 II,
729 769 816 813 V113
834 780 901 803 am.
920 769 967 813 II,
987 770 1026 813 63
1050 768 1129 803 Tib.
1146 769 1175 812 Ι,
1194 771 1233 814 9;
1257 768 1325 814 ΙΙΙ,
1339 771 1379 812 6;
1395 770 1502 816 Prop.
1520 771 1568 816 II,

214 836 253 879 13
282 834 419 869 anthol.
443 834 506 869 lat.
530 833 584 868 ed.
608 832 749 867 Riesius
772 845 807 877 p.
826 828 906 879 81),
934 843 1086 878 cumque
1114 832 1206 867 aliae
1235 844 1362 868 causae
1391 845 1482 880 quae
1505 836 1570 869 aut

210 899 256 932 ab
291 898 372 932 aliis
406 898 479 932 iam
510 900 811 932 commemoratae
846 898 930 931 sunt
964 898 1028 931 aut
1055 896 1152 931 locos
1180 897 1239 931 vel
1270 897 1386 933 obiter
1414 897 1570 933 intuenti

211 963 350 1007 patent,
378 961 451 996 tria
478 961 543 995 illa
570 960 724 996 disticha
751 959 909 1006 genuina
934 970 1007 994 non
1035 970 1113 995 esse
1142 961 1333 1006 testentur,
1362 972 1405 996 ea
1433 962 1591 1007 optimo·

210 1026 289 1060 iure
323 1025 403 1060 eiici
436 1026 535 1070 puto.
597 1024 783 1060 Vahlenus
792 1019 821 1072 ¹)
855 1023 945 1058 illud
984 1035 1037 1068 ep.
1069 1022 1154 1058 XIX
1186 1024 1357 1060 ultimum
1391 1025 1568 1062 distichon

212 1090 256 1125 de
291 1100 334 1124 ea
366 1099 475 1123 causa
507 1099 578 1123 non
607 1099 686 1123 esse
715 1087 906 1122 delendum
935 1089 1072 1132 censet,
1104 1088 1199 1133 quod
1228 1088 1412 1124 simillima
1440 1089 1488 1124 sit
1515 1102 1568 1135 ep.

214 1154 280 1188 XX
308 1153 482 1196 clausula,
512 1164 602 1198 quae
632 1153 686 1186 illi
715 1153 790 1187 sine
820 1151 928 1186 dubio
957 1152 1182 1196 respondeat.
1227 1152 1277 1187 At
1304 1153 1367 1198 ita,
1395 1155 1437 1189 ut
1463 1154 1505 1189 fit
1532 1154 1570 1188 in

212 1229 266 1262 ep.
285 1217 370 1251 XIX
397 1217 479 1261 fine,
508 1216 568 1251 vix
595 1217 718 1260 potest
741 1215 907 1260 seribere,
935 1215 1006 1249 nisi
1034 1215 1096 1261 qui
1117 1216 1193 1260 ipse
1217 1216 1378 1250 infirmus
1402 1219 1467 1252 est.
1512 1217 1571 1251 An

213 1281 243 1315 si
272 1281 316 1315 de
346 1279 531 1325 Cydippae
561 1276 724 1324 ‘corpore
747 1275 904 1313 infirmo'
928 1279 1118 1324 diceretur,
1146 1279 1236 1314 nihil
1259 1280 1413 1325 amplius
1437 1280 1568 1315 adden-

213 1345 297 1378 dum
332 1344 435 1378 erat?
481 1343 550 1384 Qui
584 1354 669 1378 vero
697 1343 744 1387 is,
778 1342 840 1388 qm·
872 1343 1029 1387 primum
1062 1345 1205 1378 amatae
1238 1340 1392 1378 feminae
1427 1344 1569 1379 litteras

214 1408 277 1443 dat
300 1404 358 1443 ‘de
381 1410 539 1443 consueto
562 1406 739 1453 epistulae
761 1401 844 1441 fine'
868 1405 966 1453 loqui
983 1406 1109 1452 possit,
1130 1408 1232 1443 certe·
1245 1418 1317 1443 non
1334 1407 1570 1454 intellegitur.

213 1473 342 1518 Itaque
376 1473 467 1507 exile
501 1473 567 1507 hoc
602 1464 780 1507 distichon
816 1473 854 1506 et
885 1482 1015 1516 parum
1048 1472 1153 1507 facile
1187 1472 1458 1517 interpolatoris
1492 1484 1570 1524 esse

214 1536 367 1571 videtur.
424 1536 499 1570 Nec
533 1535 666 1569 mirum
699 1536 771 1580 est,
801 1536 896 1580 quod
930 1546 983 1579 ep.
1008 1529 1074 1569 XX
1107 1535 1289 1570 clausulae
1318 1536 1571 1571 convenienter

214 1600 413 1646 composita
447 1602 504 1635 est
536 1599 640 1644 haec,
675 1599 844 1645 quoniam
879 1599 955 1634 sine
989 1599 1097 1634 dubio
1132 1600 1180 1644 ei,
1216 1599 1278 1646 qui
1305 1600 1506 1645 composuit
1534 1602 1571 1636 et

215 1664 302 1698 XIV
325 1666 363 1698 et
386 1664 470 1697 XIX
494 1663 663 1697 ultimum
686 1663 876 1707 distichon,
898 1663 963 1697 illa
985 1663 1029 1696 ad
1053 1663 1268 1697 imitandum
1290 1663 1475 1708 proposita
1492 1664 1570 1699 fuit.

855 1779 878 1824 ξ
899 1778 933 1815 7.

325 1854 509 1900 Gruppius
538 1850 674 1903 (Minos
702 1867 734 1900 p.
753 1850 985 1903 475—485)
1014 1854 1148 1890 multos
1176 1866 1220 1890 ex
1248 1855 1429 1901 amoribus
1454 1854 1572 1892 Ovidii

214 1921 311 1955 locos
346 1919 589 1954 circumscribi
622 1920 717 1963 vult,
753 1919 848 1964 quod
883 1919 1034 1953 nimium
1061 1919 1214 1954 lascivas
1242 1920 1449 1954 contineant
1476 1921 1571 1965 cogi-

214 1984 383 2029 tationes,
412 1995 503 2030 quae
532 1995 604 2019 non
627 1982 756 2019 Ovidio
780 1982 842 2018 sed
864 1983 1075 2028 posterioris
1099 1983 1229 2019 aetatis
1252 1983 1571 2029 interpolatoribus

214 2048 427 2083 tribuendae
467 2048 550 2083 sint.
606 2047 709 2089 Quod
743 2059 813 2093 quo
847 2047 925 2082 iure
959 2047 997 2082 in
1028 2047 1102 2082 illis
1135 2047 1352 2083 carminibus
1385 2047 1466 2094 fiat,
1504 2048 1572 2083 hoc

216 2113 293 2148 loco
321 2124 394 2147 non
417 2123 497 2147 sum
519 2111 791 2156 diiudicaturus,
819 2122 1037 2157 quamquam
1058 2111 1097 2146 in
1118 2111 1270 2146 delendo
1292 2111 1435 2157 longius
1457 2122 1572 2156 aequo

215 2189 299 2212 eum
321 2177 538 2222 processisse
561 2187 775 2222 persuasum
797 2176 922 2212 habeo.
967 2177 1088 2221 Atque
1106 2176 1216 2212 etiam
1232 2176 1271 2211 in
1288 2175 1453 2220 epistulis
1470 2175 1571 2211 hero-

215 2241 316 2275 idum
343 2241 518 2275 nonnulla
545 2241 608 2276 illo
638 2240 757 2275 studio
786 2240 911 2275 addita.
939 2251 1020 2275 esse
1047 2240 1227 2284 videntur,
1256 2239 1318 2274 sed
1346 2250 1418 2273 non
1441 2240 1571 2284 omnia,

217 2316 307 2350 quae
336 2304 492 2340 fortasse
521 2304 585 2339 illa
612 2304 656 2339 de
684 2315 793 2339 causa
821 2303 1023 2348 offendunt,
1055 2302 1182 2339 ovidio
1211 2301 1449 2338 abiudicanda
1477 2305 1570 2340 sunt.

307 2419 337 2459 1)
364 2417 489 2450 ‘Ueber
512 2417 566 2450 die
589 2417 746 2459 Anfange
770 2417 830 2448 der
846 2417 1017 2449 Heroiden
1040 2416 1099 2449 des
1118 2414 1232 2455 Ovid’,
1256 2415 1315 2456 qui
1331 2415 1466 2449 libellus
1483 2427 1571 2449 seor-

218 2483 295 2504 sum
319 2471 430 2504 editus
454 2473 505 2505 est
528 2482 568 2504 ex
592 2471 842 2504 commentariis
866 2471 979 2513 regiae
1001 2470 1053 2503 lit.
1078 2469 1273 2503 academiae
1295 2470 1404 2504 Berol.
1425 2473 1516 2504 1881.
