1745 2813
764 125 811 129 ,,
873 103 923 140 70
984 125 1023 130 „-

327 214 395 249 Sed
429 213 502 248 iam
536 213 579 248 de
614 213 726 248 Riesii
765 213 980 260 quibusdam
1019 213 1259 259 argumentis,
1300 213 1431 260 quibus
1472 224 1576 249 suam

216 277 323 313 fulcit
351 277 584 323 sententiam,
618 265 734 323 pauca
761 277 910 314 dicenda
938 278 1033 314 sunt.
1062 296 1112 301 -—
1142 276 1245 319 Quod
1272 277 1430 323 primum
1457 277 1577 314 haesit

218 342 255 377 in
284 342 473 378 enuntiato
501 354 534 377 v.
566 343 639 377 101

430 405 483 440 Te
511 405 666 451 vigilans
696 405 819 451 oculis,
848 406 967 440 animo
995 408 1032 440 te
1061 407 1166 441 nocte
1193 405 1377 451 videbam,

219 469 309 504 miro
338 469 445 504 modo
475 480 597 504 errare
626 469 715 505 mihi
742 469 896 505 videtur.
952 469 1046 504 Nam
1074 469 1236 514 profecto
1265 469 1375 504 etiam
1408 468 1579 515 vigilanti

218 535 340 578 potest
374 543 432 568 res
467 533 571 579 quasi
600 533 821 569 extrinsecus
850 533 1006 577 obiecta,
1045 545 1135 580 quae
1164 535 1287 569 tamen
1314 534 1415 569 nulla
1444 533 1502 579 sit,
1530 533 1575 569 ob

218 598 340 633 oeulos
363 598 512 642 versari,
535 599 753 643 praesertim
776 599 806 633 si
825 599 942 634 multa
960 598 1003 633 de
1022 598 1086 632 illa
1103 599 1283 644 acceperit
1302 609 1513 645 semperque
1531 598 1575 633 de

221 674 264 697 ea
287 657 472 710 cogitet1).
518 662 646 709 Itaque
664 674 708 697 ne
732 662 776 697 de
800 674 842 697 ea
865 662 1009 708 quidem
1032 661 1157 697 fabula
1179 662 1328 709 antiqua
1345 663 1575 709 cogitandum

219 729 286 770 est,
310 738 382 772 qua
403 726 476 761 iam
498 728 583 761 ante
606 726 676 761 iter
699 726 841 761 Paridis
866 726 1010 762 Troiam
1029 726 1189 763 Helenae
1212 727 1406 773 imaginem
1428 726 1576 762 missam

219 802 297 825 esse
325 793 506 826 narratur.
562 791 687 836 Neque
717 790 812 836 quod
835 787 1033 825 ‘Petronio’
1058 786 1222 838 (Anthol.
1245 791 1329 825 Lat.
1355 802 1389 826 v.
1414 786 1509 838 702)
1527 790 1574 826 si-

220 854 315 889 milis
351 856 407 890 est
439 854 501 889 ille
531 865 656 889 versus
686 849 817 902 (101),
851 856 894 889 ut
921 855 966 889 ab
996 866 1037 889 eo
1066 854 1224 898 fluxerit,
1258 854 1428 900 efficitur3
1461 855 1576 889 multo

220 904 355 953 maiore
390 918 467 953 iure
502 918 673 952 Loersius
708 929 727 952 e
755 918 936 953 contrario
972 914 1163 953 ‘Petronii'
1204 915 1399 953 ‘Ovidium'
1439 918 1577 953 fontem

221 994 299 1018 esse
329 982 425 1027 dicit,
454 984 496 1017 ut
525 982 650 1017 eadem
679 982 772 1017 ratio
801 982 908 1017 huius
937 982 985 1018 sit
1013 979 1298 1027 atque'aliarum
1321 982 1576 1027 imitationum,

222 1048 265 1081 de
295 1048 425 1092 quibus
455 1058 565 1091 supra
593 1047 743 1092 egimus.
765 1065 809 1070 —
833 1046 927 1080 Tum
953 1058 1080 1081 versus
1112 1048 1319 1082 115—118
1349 1047 1577 1082 fastidiosum

222 1112 258 1146 111
286 1111 433 1146 111οᾶ11111
461 1112 625 1155 repetere
653 1112 776 1155 putat,
811 1121 903 1155 quae
931 1110 1003 1144 iam
1032 1103 1227 1158 (21—24)
1261 1110 1357 1145 dicta
1389 1110 1481 1162 sint„
1527 1111 1578 1145 At

221 1176 276 1209 his
311 1175 476 1209 versibus
516 1177 641 1209 narrat
674 1174 794 1219 Paris,
835 1185 943 1219 quam
981 1176 1085 1209 caute
1125 1174 1193 1209 dea
1226 1174 1344 1218 ipsum
1378 1174 1415 1208 in
1447 1174 1577 1209 itinere

221 1239 316 1274 tuita
350 1238 413 1284 sit,
447 1238 511 1272 illo
544 1239 638 1282 loco,
667 1249 772 1283 quam
805 1237 988 1273 studiosus
1010 1237 1122 1273 fuerit
1149 1237 1226 1283 ipse
1255 1238 1410 1283 itineris,
1445 1238 1575 1273 descri-

221 1304 285 1338 bit.
336 1303 474 1338 Versus
507 1304 580 1338 103
612 1314 697 1338 sane
724 1314 837 1347 paene
866 1302 1017 1336 eandem
1044 1302 1196 1347 praebet
1224 1302 1441 1337 sententiam
1468 1304 1576 1347 atque

222 1379 253 1402 v.
284 1369 346 1403 37.
402 1366 596 1402 Sedtamen
629 1366 721 1401 hanc
753 1366 870 1411 ipsam
903 1365 1159 1411 cogitationem
1192 1378 1257 1411 per
1286 1367 1405 1401 totum
1433 1377 1577 1401 carmen

223 1431 432 1476 saepissime
461 1431 655 1475 repetitam
684 1430 896 1476 invenimus,
924 1416 1094 1475 quoniam
1123 1442 1166 1464 eo
1193 1432 1235 1465 ut
1263 1430 1476 1476 gravissimo
1505 1431 1574 1465 uti-

221 1498 282 1530 tur
310 1496 535 1540 argumento.
564 1513 617 1518 -
646 1493 793 1529 Minime
821 1493 934 1540 igitur
962 1493 1071 1529 alieni
1100 1505 1178 1529 esse
1206 1493 1375 1529 videntur
1401 1505 1527 1529 versus
1556 1506 1578 1528 a

223 1559 399 1595 sermonis
428 1559 610 1605 elegantia
635 1561 671 1594 et
699 1559 950 1604 concinnitate,
979 1559 1096 1604 qualis
1124 1559 1162 1593 in
1184 1558 1318 1593 relicua
1340 1559 1480 1594 Paridis
1503 1559 1576 1605 epi-

222 1624 318 1658 stula
346 1624 507 1668 apparet.

330 1687 492 1732 Denique
522 1689 577 1722 est
599 1687 636 1721 in
660 1688 710 1722 eis
735 1687 861 1721 eadem
884 1687 1049 1721 imitandi
1071 1686 1162 1721 alios
1185 1686 1278 1722 ratio
1302 1688 1410 1732 atque
1433 1686 1472 1720 in
1493 1687 1576 1722 reli-

222 1752 297 1786 cuis
321 1752 557 1796 epistularum
581 1751 759 1795 partibus.
802 1751 946 1785 Etenim
969 1751 1056 1785 haec
1078 1761 1220 1795 quoque
1242 1750 1411 1785 carminis
1427 1761 1512 1795 pars
1535 1762 1578 1785 ex

223 1815 487 1860 antiquioribus
516 1815 679 1849 fontibus
708 1816 818 1859 atque
841 1814 1035 1849 maximam
1056 1816 1199 1859 partem
1222 1825 1241 1848 e
1269 1814 1417 1859 tragicis
1439 1806 1577 1859 graecis

222 1879 336 1914 fluxit.
371 1879 424 1913 De
442 1878 603 1923 ipsarum
620 1878 762 1913 Paridis
775 1880 812 1913 et
824 1878 984 1913 Helenae
1003 1877 1242 1922 epistularum
1260 1878 1359 1913 fonte
1377 1878 1577 1913 accuratius

222 1944 284 1989 agi
317 1956 361 1978 ne
397 1955 487 1988 opus
515 1943 661 1988 quidem
690 1942 834 1978 videtur
862 1954 958 1987 esse3
991 1955 1075 1978 nam
1103 1943 1264 1988 fabulae,
1292 1943 1330 1977 in
1357 1943 1486 1988 quibus
1514 1955 1578 1988 po-

225 2008 407 2043 tissimum
430 2008 634 2052 vertuntur,
659 2007 873 2052 explicatius
896 2007 934 2041 in
957 2006 1039 2041 CIV
1062 2007 1135 2042 illis
1157 2007 1322 2042 versibus
1340 2007 1426 2045 solis
1444 2007 1577 2052 insunt,

223 2075 261 2108 et
287 2072 326 2106 in
354 2072 489 2107 relicua
518 2072 674 2116 epistula
702 2073 740 2106 et
767 2072 812 2107 ab
841 2071 982 2106 Helena
1009 2071 1139 2107 leviter
1167 2072 1309 2106 tantum
1337 2072 1576 2117 attinguntur.

224 2136 322 2178 Quas
356 2137 480 2171 autem
514 2135 632 2171 obiter
664 2137 826 2180 tantum,
862 2137 905 2171 u't
938 2135 1102 2181 exemplo
1136 2136 1278 2180 utatur,
1312 2134 1433 2180 tangit
1459 2136 1578 2181 poeta,

222 2201 370 2236 fabulae
403 2200 677 2245 vulgatissimae
714 2201 862 2235 fuerunt
903 2212 943 2235 ac
981 2200 1267 2246 mythologicum
1300 2201 1429 2244 poetae
1463 2211 1572 2245 appa-

223 2266 344 2299 ratum
371 2263 558 2299 nominare
594 2263 721 2309 possis.
775 2264 917 2299 Natura
951 2274 1139 2309 moresque
1172 2263 1334 2298 Helenae
1367 2265 1405 2298 et
1437 2263 1577 2299 Paridis

312 2410 343 2450 1)
368 2409 408 2440 cf.
432 2408 512 2441 Met.
536 2409 592 2449 IX,
616 2411 678 2441 468
702 2420 768 2450 sq.;
791 2419 843 2450 ep.
867 2409 941 2448 VII,
965 2412 1020 2448 263
1045 2419 1074 2441 a.
1099 2418 1127 2441 a.
1152 2409 1193 2448 11,
1217 2411 1294 2448 3483
1320 2418 1371 2449 ep.
1393 2408 1501 2449 XVII,
1518 2412 1574 2448 3¹3

225 2463 266 2504 ΙΙ,
294 2466 345 2503 11,
370 2466 426 2503 913
452 2461 493 2505 X,
517 2466 568 2495 31.
604 2462 645 2496 ef.
670 2463 763 2496 anth.
788 2463 848 2496 lat.
872 2462 924 2495 ed.
948 2462 1118 2495 Burmann
1141 2462 1167 2503 Ι,
1190 2465 1268 2502 643;
1293 2462 1334 2504 11,
1360 2465 1430 2503 110,
1454 2465 1526 2498 686.
