1745 2813
741 123 1002 160 „14-

191 242 319 267 versus
357 230 471 267 fnisse
503 230 593 266 —inde
628 231 793 268 concludi
831 243 937 278 posse
969 234 1076 279 puto,
1114 232 1211 279 quod
1238 235 1281 269 et
1317 233 1357 269 in
1390 233 1550 280 Gissenei

189 295 285 330 inter
306 297 436 339 poetae
463 295 577 331 verba
605 295 741 340 recepti
769 298 854 331 sunt
880 307 996 341 neque
1024 297 1062 331 in
1089 292 1264 343 margine,
1290 296 1387 332 unde
1414 298 1550 343 sumpti
1603 304 1605 306 “

190 357 277 404 sint,
324 358 529 395 adnotatur.
595 358 721 395 Liceat
771 358 839 395 hoc
878 360 1042 407 exemplo
1080 359 1275 396 illustrare.
1337 360 1381 395 In
1418 362 1551 406 quarta

189 423 336 467 quidem
376 424 532 468 epistula
566 425 651 468 post
684 435 718 459 v.
750 425 824 458 132
855 423 1034 459 Gissensis
1044 421 1073 472 ¹)
1108 425 1271 470 spurium
1312 424 1464 469 praebet
1496 424 1548 459 di-

189 486 341 531 stichon,
372 487 467 533 quod
494 487 532 522 in
560 487 641 522 aliis
669 498 811 533 quoque
835 489 892 524 est
914 488 1174 525 recentioribus
1196 487 1310 534 libris,
1338 488 1376 523 et
1402 499 1484 523 cum
1510 488 1550 523 in

188 552 350 597 margine
384 551 511 587 eadem
543 563 671 587 manus
705 552 869 588 adnotet:
910 548 978 588 ‘ini
1019 554 1089 589 duo
1122 564 1249 589 versus
1281 564 1354 589 non
1387 554 1472 588 sunt
1503 552 1547 588 de

188 611 316 660 textu',
334 615 618 650 concludendum
636 617 692 650 est
709 626 771 650 eos
788 616 826 650 in
840 616 1002 662 margine
1014 598 1214 662 adscriptos
1225 616 1338 651 fuisse
1350 616 1548 663 archetypi.

300 679 496 715 Sedtamen
529 680 611 715 inde
644 680 740 725 quod
774 680 905 715 adsunt
939 680 1009 715 duo
1037 680 1092 715 illi
1118 691 1244 716 versus
1272 680 1310 715 in
1337 681 1418 716 aliis
1445 681 1549 716 libris

187 744 401 788 plerumque
438 744 576 788 omissi,
615 743 893 788 haudquaquam
933 744 1194 788 praestantiam
1226 744 1385 789 aliquam
1417 744 1548 779 codicis

189 806 369 845 Gissensis
416 808 539 844 eiusve
573 808 762 854 archetypi
784 801 969 854 ‘colligere
1004 808 1099 845 licet.
1155 809 1269 844 Immo
1303 820 1385 844 cum
1417 808 1547 845 codicis

189 872 369 907 Gissensis
392 873 532 907 fontem
555 872 750 906 secundum
773 872 863 906 alios
886 872 998 907 libros
1022 884 1101 908 esse
1123 875 1324 908 correctum
1340 872 1546 918 viderimus,

190 935 385 972 maximam
417 936 530 972 habet
562 935 640 972 veri
674 935 829 982 speciem
865 935 954 971 duos
987 936 1070 971 illos
1103 947 1230 973 versus
1264 932 1319 986 (ΙΙ
1345 932 1476 986 18s19)
1510 937 1547 972 in

190 1001 284 1035 libro
313 1001 434 1046 aliquo
461 1001 661 1037 vetustiore
688 1001 784 1035 forte
812 1001 978 1036 inventos
1007 1003 1044 1036 et
1071 1001 1153 1037 inde
1182 1013 1259 1036 esse
1288 1002 1499 1046 adscriptos.

296 1065 340 1100 In
367 1067 571 1101 ceterorum
599 1064 785 1111 librorum,
814 1076 904 1110 quos
935 1064 1191 1111 Sedlmayerus
1219 1065 1367 1111 propius
1399 1066 1445 1101 ad
1476 1066 1546 1101 Pu-

191 1132 358 1164 teaneum
397 1130 555 1165 codicem
591 1130 759 1165 accedere
793 1130 853 1165 vel
886 1141 905 1165 e
939 1130 1138 1166 vetustiore
1172 1130 1235 1165 illo
1268 1131 1369 1166 fonte
1402 1131 1547 1166 fluxisse

188 1195 324 1238 censet,
352 1194 520 1229 rationes¹
539 1191 721 1245 inquirere
749 1205 822 1228 non
848 1205 1007 1239 possum.

295 1258 491 1293 Sedtamen
518 1271 600 1293 cum
628 1270 717 1304 quas
746 1270 790 1292 ex
817 1258 891 1293 illis
919 1259 1028 1294 affert
1048 1259 1215 1294 meliores
1239 1271 1347 1304 quam
1369 1259 1547 1295 Puteanei

187 1322 300 1366 ipsius
329 1322 518 1367 lectiones,
552 1323 603 1357 eis
635 1334 708 1357 non
741 1322 915 1356 maiorem
947 1323 1201 1358 auctoritatem
1229 1334 1308 1358 esse
1336 1335 1444 1367 quam
1473 1324 1545 1358 edi—

186 1389 308 1421 torum
336 1386 550 1422 coniecturis
578 1388 714 1431 pateat,
742 1385 786 1420 de
816 1387 996 1422 sententia
1025 1387 1100 1421 eius
1129 1388 1283 1422 multum
1310 1387 1546 1422 dubitationis

188 1451 414 1496 relinquitur.
875 1442 878 1444 ⁵

295 1516 416 1561 Atque
451 1515 557 1561 adeo,
591 1527 672 1551 cum
701 1516 813 1551 semel
840 1515 946 1552 valde
974 1515 1059 1550 falsi
1088 1515 1199 1551 simus
1227 1515 1425 1552 Loersiana
1452 1515 1546 1552 Giss.

188 1581 395 1626 collatione,
432 1591 578 1615 causam
613 1591 691 1615 esse
724 1582 830 1626 puto,
868 1591 932 1614 cur
944 1579 1186 1634 ‘dubitemuffi
1224 1591 1312 1614 num
1344 1580 1412 1615 hae
1446 1581 1544 1625 ipsae

281 1684 313 1723 1)
339 1683 520 1714 Praeterea
553 1682 636 1714 haec
668 1682 773 1713 habet
802 1681 991 1714 recentiora
1019 1681 1165 1714 disticha
1198 1681 1328 1723 spuria:
1356 1681 1441 1713 illud
1468 1683 1547 1723 post

193 1736 230 1777 V,
254 1740 312 1777 22,
341 1735 433 1776 quod
461 1745 503 1767 ex
531 1734 693 1767 Etonensi
720 1734 831 1775 fluxit,
860 1745 1064 1775 quamquam
1092 1735 1158 1767 tria
1186 1734 1277 1767 illius
1304 1735 1403 1767 initia
1431 1735 1546 1776 spuria

188 1789 229 1831 V,
247 1789 304 1829 VI,
322 1789 384 1821 VII
407 1799 475 1821 non
497 1786 663 1830 praebet3'
679 1788 752 1828 VII,
769 1792 820 1829 24,
838 1792 896 1828 25ς
919 1789 997 1830 post
1019 1788 1090 1829 VII,
1109 1792 1149 1821 97
1173 1788 1209 1820 in
1226 1787 1378 1830 margine
1396 1788 1545 1830 adscrip-

186 1845 259 1875 tum
288 1844 340 1875 est
367 1843 486 1875 notum
514 1842 600 1874 illud
635 1841 820 1882 distichon3
856 1841 990 1883 aliaque
1020 1852 1107 1883 quae
1141 1841 1277 1875 exhibet
1306 1841 1544 1883 Sedlmayerus

188 1898 223 1939 (l.
243 1907 269 1929 c.
288 1908 321 1938 p.
341 1900 382 1928 69
401 1897 473 1936 sq.).
518 1895 666 1935 Deinde,
697 1896 785 1936 quod
815 1896 930 1928 extare
960 1895 995 1927 in
1018 1895 1079 1928 illo
1102 1896 1251 1929 nondum
1274 1895 1436 1938 innotuit,
1465 1897 1545 1937 post

187 1950 243 1990 IX,
262 1954 303 1982 82
327 1951 408 1983 hoc:

360 2005 514 2045 Dumque
535 2014 634 2046 paras
657 2004 808 2046 veniam,
830 2004 941 2046 pudor
963 2007 999 2036 a!
1024 2003 1168 2036 celanda
1191 2013 1360 2044 recenses;

406 2057 495 2090 Ante
518 2058 622 2098 pedes
646 2057 802 2089 dominae
825 2057 1041 2099 percubuisne
1063 2058 1151 2089 tuae.

187 2113 290 2152 atque
309 2122 412 2143 unum
431 2110 534 2152 quod,
559 2121 633 2143 cum
652 2110 743 2153 apud
760 2110 935 2143 Loersium
953 2111 1146 2151 adnotetur,
1164 2110 1325 2143 omissum
1342 2111 1394 2142 est
1410 2119 1431 2141 a.
1449 2110 1542 2142 Sedl-

186 2163 337 2207 mayero;
361 2166 440 2207 post
462 2164 572 2206 XVII,
590 2169 625 2197 2:

360 2219 469 2257 Quam
493 2227 649 2259 cuperem
673 2218 805 2259 solitae,
829 2218 934 2259 Hero,
957 2217 1022 2250 tibi
1044 2219 1132 2251 ferre
1154 2227 1215 2259 per
1236 2217 1360 2258 undas,

404 2271 532 2314 Accipe
555 2271 716 2313 Leandri,
739 2272 820 2304 dum
843 2271 937 2304 venit
958 2271 1045 2314 ipse,
1068 2282 1216 2304 manum.

186 2327 238 2359 En
260 2338 386 2360 novum
408 2327 469 2359 illo
493 2326 641 2358 disticho
665 2336 717 2366 ep.
735 2325 828 2357 XVII
851 2325 988 2357 additur
1009 2325 1160 2358 initium!
1202 2325 1300 2364 Quod
1316 2325 1451 2365 quidem
1471 2326 1542 2358 sine

186 2380 290 2413 dubio
319 2380 370 2412 illi
397 2380 452 2413 vel
480 2379 635 2421 privatae
660 2377 716 2410 vel
739 2378 963 2410 scholasticae
992 2377 1226 2410 exercitationi
1258 2377 1400 2409 debetur
1421 2380 1543 2419 poetae

186 2434 291 2466 verba
313 2433 413 2466 aliter
435 2430 630 2475 effingendi.
676 2431 717 2465 cf.
735 2431 882 2464 Hofman
905 2431 1107 2472 Peerlkamp
1131 2430 1246 2463 Horat.
1268 2430 1348 2464 edit.
1368 2431 1407 2463 II.
1426 2442 1458 2473 p.
1479 2431 1543 2472 XI3

186 2489 303 2528 Heyne
327 2488 453 2519 Tibull.
472 2487 552 2519 edit.
570 2487 609 2518 II.
629 2497 661 2526 p.
679 2485 766 2516 XXI.
