1745 2813
786 138 831 142 ,m
891 116 1045 154 (58—

240 228 442 262 morantem
469 226 583 272 fingat
610 225 796 271 Paridem,
825 226 988 261 consulto
1016 226 1107 261 illud
1135 226 1310 262 omisisse.
1367 229 1424 262 An
1450 227 1518 263 hoc
1544 227 1598 273 ip-

240 302 338 334 sum⁴
359 302 472 336 grave
512 301 552 325 ac
591 301 764 335 magnum
802 290 913 325 fuisse
949 291 1066 327 latet?
1105 291 1215 326 immo
1249 291 1469 327 accusandus
1503 293 1600 327 esset

242 357 351 402 poeta
378 355 632 402 neglegentiae
666 357 703 391 et
737 355 915 401 levitatis,
950 355 980 391 si
1013 356 1175 392 fabulam
1210 356 1354 392 silentio
1387 356 1598 402 praetermi-

241 421 363 466 sisset,
397 432 507 466 quam
539 421 687 466 insuper
719 432 753 456 v.
779 422 826 456 51
842 431 893 465 sq.
928 422 965 455 et
999 422 1048 457 89
1062 433 1112 466 sq.
1147 422 1193 456 ab
1227 433 1269 456 eo
1302 419 1486 457 nauatam
1520 432 1608 469 esse-

242 485 406 520 efficitur.
458 485 501 519 In
535 485 664 520 lacuna
698 486 820 520 autem
855 484 1046 520 statuenda
1078 485 1181 521 nobis
1211 484 1506 531 acquiescendum
1534 487 1599 521 est.

350 550 446 584 Num
475 551 599 585 autem
627 549 665 584 hi
693 561 820 585 versus
848 561 936 594 quos
965 549 1138 585 excidisse
1165 550 1366 595 putandum
1393 552 1459 595 est,
1488 549 1601 595 excipi

242 614 427 660 potuerint
455 625 477 648 a
505 625 536 649 v.
558 615 604 648 51
638 615 676 648 et
706 616 766 658 52,
795 612 982 648 diiudicari
1009 624 1094 647 sane
1117 613 1252 659 nequit,
1280 614 1348 649 hoc
1370 615 1467 649 certe
1490 624 1599 659 appa-

242 691 322 714 rere
356 680 444 725 puto
484 689 600 724 neque
634 690 666 713 v.
699 679 749 713 50
783 679 820 713 et
856 679 903 713 51
939 689 1004 712 nec
1038 678 1088 713 52
1129 679 1167 713 et
1200 679 1250 713 53
1291 679 1367 721 tam
1407 679 1505 713 arcte
1542 689 1599 713 co-

242 740 392 778 haerere
438 754 547 788 quam
590 742 627 776 in
668 744 744 777 tam
790 742 943 787 simplici
987 742 1193 777 narratione
1237 744 1396 788 putares.
1467 742 1602 777 Contra

241 810 325 854 post
352 820 385 843 v.
406 809 457 843 90
485 806 712 842 desideratur
740 806 982 851 enuntiatum,
1016 817 1087 852 quo
1126 807 1327 843 accuratius
1355 806 1601 853 significentur

242 877 325 909 rata
352 874 469 918 siqua,
503 883 594 917 quae
627 883 697 907 vox
731 872 808 906 sola
841 871 960 917 posita
996 873 1093 907 recte
1121 871 1285 918 intellegi
1311 872 1445 918 nequit.
1502 871 1601 907 Talis

245 939 369 973 autem
397 935 600 982 explicatio,
628 946 709 970 cum
738 935 824 970 insit
852 935 890 970 in
917 935 1082 971 versibus
1107 937 1167 980 51,
1187 937 1235 971 52
1246 932 1288 984 ¹),
1316 937 1382 971 hos
1405 936 1601 972 Heinsiana

243 1013 330 1037 usus
359 998 564 1036 coniectura
591 1001 675 1045 post
702 1010 847 1034 versum
872 1001 922 1035 90
951 1012 1084 1045 ponere
1111 1011 1184 1035 non
1212 1000 1383 1035 dubitem.

352 1065 513 1111 Denique
536 1064 607 1099 duo
630 1075 757 1099 versus
781 1066 913 1110 extant,
942 1064 1013 1109 qui,
1036 1066 1078 1099 ut
1100 1064 1304 1111 traduntur,
1328 1065 1470 1100 omnino
1494 1077 1601 1101 sensu

244 1133 383 1175 carent,
411 1130 463 1165 hi:

246 1198 295 1232 98
326 1196 423 1238 Quas
445 1206 553 1241 super
571 1193 754 1229 Oenonem
776 1193 886 1228 facies
903 1194 1065 1229 mutarer
1083 1190 1125 1242 (f.
1143 1194 1199 1229 P.:
1222 1191 1400 1241 imitarer)
1423 1195 1461 1230 in
1477 1195 1601 1230 orbem

392 1260 467 1294 Nec
495 1259 641 1293 Priamo
671 1260 727 1293 est
748 1258 794 1292 ad
822 1254 878 1306 (a)
906 1260 943 1293 te
972 1258 1114 1303 dignior
1141 1259 1217 1303 ulla
1244 1270 1366 1294 nurus.

246 1326 374 1359 Nonne
409 1315 563 1369 apparet
595 1323 662 1357 hoc
690 1322 870 1356 distichon
898 1322 943 1356 ab
972 1322 1170 1357 editoribus
1198 1323 1340 1368 primis,
1375 1334 1452 1358 cum
1484 1323 1602 1358 sanari

247 1401 353 1435 posse
389 1388 639 1433 desperarent,
674 1386 843 1421 emissum
877 1397 955 1421 esse
989 1386 1094 1432 quale
1128 1386 1313 1422 inventum
1348 1389 1403 1423 est
1437 1387 1473 1422 in
1500 1387 1602 1422 libris

247 1465 356 1488 manu
396 1453 565 1498 scriptis?
631 1453 756 1497 Neque
797 1452 891 1487 enim
929 1451 999 1487 nisi
1032 1451 1263 1486 librariorum
1298 1452 1448 1497 proclivi
1481 1464 1601 1488 errore
1636 1481 1638 1483 .

247 1517 336 1552 adeo
365 1516 557 1562 depravari
584 1517 791 1562 potuerunt.

354 1581 534 1616 Medelam
563 1582 685 1615 autem
713 1580 805 1615 hanc
828 1591 937 1614 unam
960 1591 1038 1614 esse
1063 1582 1162 1625 puto,
1192 1582 1233 1615 ut
1256 1580 1443 1615 eiiciantur
1465 1593 1603 1618 versus,

246 1646 341 1679 Nam
375 1644 443 1678 etsi
478 1644 619 1688 singula
652 1643 765 1677 verba
799 1643 921 1688 qualia
954 1644 1120 1687 fuerunt,
1153 1644 1309 1679 fortasse
1340 1644 1396 1678 vix
1423 1646 1465 1679 ut
1498 1645 1602 1679 resti-

247 1711 400 1745 tuantur
427 1707 622 1753 continget,
651 1708 772 1742 tamen
800 1707 1056 1753 cogitationem
1084 1709 1249 1753 apertam
1278 1697 1356 1743 esse
1383 1710 1483 1755 puto,
1512 1721 1603 1754 quae

247 1785 328 1807 cum
361 1771 489 1817 putida
523 1774 560 1805 et
592 1770 737 1805 minime
773 1773 859 1815 apta
889 1771 945 1815 sit,
974 1771 1058 1805 talis
1087 1772 1286 1815 comparet,
1320 1772 1464 1815 qualem
1491 1773 1604 1807 lector

247 1848 319 1872 non
337 1835 425 1871 satis
443 1835 581 1880 doctus,
605 1845 686 1869 cum
704 1834 925 1870 desideraret
943 1833 1110 1870 Oenonae
1128 1846 1267 1880 nomen,
1285 1834 1415 1871 addere
1432 1836 1604 1882 potuerit.

357 1901 544 1935 Permulta
578 1888 700 1934 autem
734 1900 807 1934 alia
841 1900 917 1934 sine
946 1899 1053 1933 dubio
1082 1911 1104 1933 a
1131 1899 1256 1944 primis
1285 1900 1498 1946 editoribus,
1533 1914 1604 1947 qua

249 1966 353 2000 erant
381 1964 545 1999 doctrina
574 1965 610 1998 et
633 1963 750 1998 Ovidii
774 1962 915 2009 peritia,
943 1963 1121 1998 recensita
1144 1965 1180 1999 et
1203 1966 1364 2000 correcta
1387 1967 1481 2001 sunt.
1530 1966 1603 2001 Ita-

248 2041 317 2074 que
351 2029 484 2063 mirum
517 2039 589 2063 non
623 2028 781 2072 videtur,
816 2028 910 2072 quod
944 2029 1231 2073 corruptelarum
1264 2040 1452 2063 numerum
1483 2030 1521 2064 in
1548 2031 1604 2065 his
1656 2027 1662 2032 ⁹

249 2093 414 2128 versibus
442 2103 515 2127 non
541 2092 617 2126 fere
645 2092 788 2126 tantum
817 2103 894 2126 esse
922 2091 1096 2137 videmus,
1124 2093 1279 2137 quantus
1307 2092 1345 2126 in
1372 2092 1474 2127 libris
1497 2104 1605 2128 manu

249 2157 393 2203 scriptis
433 2155 672 2191 deterioribus
707 2167 786 2191 esse
820 2156 922 2192 solet.
984 2156 1147 2202 Denique
1181 2157 1395 2203 corruptelis
1428 2156 1605 2203 inquinati

250 2225 287 2257 et
321 2223 406 2256 sunt
440 2223 490 2264 et,
530 2232 602 2255 non
635 2220 742 2255 aliter
775 2222 883 2266 atque
918 2220 1078 2255 carmina
1112 2220 1293 2256 codicibus
1328 2220 1480 2266 tradita,
1519 2222 1604 2258 olim

339 2301 518 2365 1)'Postea
552 2322 642 2355 enim
673 2334 702 2355 v.
728 2327 789 2356 359
819 2324 922 2364 poeta
950 2323 1094 2355 eandem
1122 2322 1274 2355 fabulam
1303 2322 1494 2364 significare
1521 2324 1607 2357 mihi

250 2378 395 2411 videtur.
442 2378 561 2418 Neque
590 2376 697 2419 igitur
725 2387 766 2408 ea
794 2376 952 2409 dicuntur
979 2377 1044 2409 hoc
1066 2377 1142 2409 loco
1164 2378 1275 2419 styma,
1305 2377 1347 2408 de
1371 2377 1493 2417 quibus
1515 2378 1605 2411 Serv.

251 2432 297 2464 ad
325 2432 426 2473 Verg.
456 2431 538 2465 Aen.
562 2431 603 2471 V,
628 2436 689 2464 370
718 2430 872 2464 tradidit.
919 2430 966 2465 cf.
994 2431 1030 2463 O.
1054 2431 1176 2472 Jahn,
1207 2430 1384 2465 archaol.
1413 2431 1605 2474 Beitr‘age

249 2496 280 2526 p.
300 2489 363 2518 340
382 2496 413 2519 n.
1629 2493 1631 2495 '
