1745 2813
689 108 951 147 „29—

144 221 264 266 Atque
296 222 373 255 tam
407 229 582 265 suspensa
614 219 652 254 et
686 218 839 254 obscura
872 220 958 253 sunt
988 217 1053 253 illa
1086 218 1199 253 verba
1231 213 1335 266 (88),
1372 219 1414 253 ut
1447 217 1493 252 ab

145 283 274 320 Ovidio
302 284 466 329 profecta
491 293 565 318 non
591 292 670 317 esse
698 281 899 317 videantur.
954 281 1081 327 Itaque
1114 284 1210 322 recte
1238 281 1380 317 Riesius
1412 293 1492 317 ver-

145 358 227 383 sum
258 348 365 384 delet.
420 346 557 381 Versus
590 347 713 381 autem
748 346 923 390 83—87,
961 355 1051 391 quos
1083 356 1164 380 cum
1195 357 1230 380 v.
1259 346 1308 381 88
1342 345 1492 381 circum-

147 412 255 447 scribi
281 411 362 448 vult
389 410 645 456 Sedhnayerus
673 406 883 459 (comment.
905 404 1003 458 crit.)
1025 411 1067 445 ut
1089 408 1331 445 abiudicemus
1355 408 1495 455 Ovidio,

145 475 282 511 idoneis
309 474 511 510 rationibus
538 483 611 510 non
637 474 876 515 adducimur„

162 525 165 528 ⁴
252 538 390 575 Deinde
418 549 442 574 a
467 538 651 584 Lennepio
678 549 804 575 versus
835 539 896 584 94,
912 523 974 574 ‘95
1004 537 1205 584 eiiciantur,
1232 537 1290 573 cui
1317 548 1389 572 non
1416 548 1494 572 esse

84 610 87 613 '
144 602 411 639 assentiendum
433 603 571 639 Loersii
594 605 651 638 est
679 602 868 638 sententia.
914 601 985 637 Sed
1011 613 1104 647 quae
1131 602 1189 637 hic
1215 602 1342 638 attulit
1368 604 1494 637 contra

144 667 242 711 illius
270 667 498 712 sententiam,
525 666 672 712 probari
698 677 804 712 posse
831 677 904 701 non
930 665 1110 702 videntur.
1153 665 1248 700 Nam
1275 666 1344 701 etsi
1371 677 1493 701 conce-

144 731 300 766 dendum
327 733 384 766 est
415 731 461 766 ab
495 731 652 766 heroinis
686 726 775 778 (non
802 730 918 766 solum
945 729 1046 775 XIII,
1076 731 1138 775 93,
1165 725 1234 777 94)
1270 729 1413 775 saepius
1447 729 1492 764 si-

144 794 305 839 gnificari
327 806 396 838 res,
418 806 509 840 quae
530 797 658 839 postea
680 794 876 839 evenerint,
892 796 1015 829 tamen
1031 805 1112 828 cum
1129 806 1162 829 v.
1182 795 1231 829 95
1250 793 1297 828 ad
1313 794 1493 829 Bacchum

144 858 298 894 resonet
330 858 517 904 Loersius,
550 858 694 895 erravit.
758 857 960 905 Significari
992 858 1083 893 bene
1117 857 1379 903 interpretatur
1410 856 1493 892 Pal·

144 934 266 958 merus
299 919 424 959 ‘vanas
456 920 617 962 umbras'
650 923 709 959 vel
743 919 873 958 ‘somni
906 919 999 959 visa'
1028 918 1090 971 (cf.
1117 923 1194 959 her.
1222 922 1274 958 IX
1281 951 1291 969 ,
1319 923 1387 968 393
1423 932 1492 958 am.

146 985 176 1032 I,
206 987 240 1032 6,
270 982 320 1035 9).
377 986 494 1029 Quam
520 998 607 1024 vero
635 987 784 1033 exiguus
813 988 911 1022 esset
938 986 996 1021 hic
1023 986 1133 1021 timor
1159 998 1247 1032 prae
1269 986 1367 1022 vitae
1400 985 1494 1031 peri-

144 1050 248 1086 culis!
309 1051 411 1086 Adde
444 1052 540 1097 quod
574 1051 773 1087 sententiae
808 1052 875 1097 95,
905 1052 954 1086 96
993 1051 1148 1096 pessime
1187 1062 1366 1086 connexae
1400 1052 1494 1095 sunt,

144 1113 240 1159 quod
268 1107 514 1150 enuntiatum·
522 1111 676 1150 ‘caelum
702 1110 880 1149 restabat'
904 1113 1046 1149 omnino
1074 1126 1147 1149 non
1168 1115 1322 1160 quadrat
1343 1115 1390 1149 ad
1413 1126 1492 1150 sen·
1539 1108 1542 1112 ’

144 1178 326 1219 tentiam„>
362 1179 439 1214 Hoc
467 1179 611 1224 quidem
638 1178 819 1214 addidisse
846 1178 990 1214 videtur
1016 1179 1140 1224 lector,
1168 1178 1230 1223 qui
1256 1189 1395 1214 memor
1422 1178 1493 1213 fuit

144 1242 230 1277 Met.
252 1242 353 1287 VIII,
379 1245 453 1279 177
479 1254 540 1289 sq„
568 1243 666 1280 Fast.
689 1242 756 1289 ΙΠ,
780 1244 857 1278 510
880 1244 927 1288 et,
952 1242 1048 1288 quod
1070 1242 1116 1277 ad
1139 1242 1312 1278 orationis
1334 1242 1491 1277 formam

143 1306 311 1352 pertinet,
339 1318 369 1341 a.
399 1318 430 1342 a.
458 1307 506 1353 Π,
530 1309 591 1343 37.
640 1307 754 1342 Porro
776 1318 857 1342 cum
879 1306 1009 1342 vividis
1032 1307 1210 1342 coloribus
1232 1307 1366 1342 malam
1388 1318 1492 1342 suam

144 1370 385 1422 condicionem
408 1371 647 1417 descripserit,
669 1383 777 1417 quam
797 1371 1021 1417 ineleganter
1043 1372 1081 1405 et
1099 1370 1240 1405 exiliter
1256 1371 1486 1416 comprehen-

147 1434 245 1469 ditur
272 1435 511 1479 periculorum
540 1435 762 1471 enumeratio
789 1435 926 1471 verbis:

365 1508 404 1543 Si
432 1520 547 1555 mare,
576 1509 608 1543 si
634 1511 751 1558 terras
779 1510 1015 1555 porrectaque
1042 1509 1150 1544 litora
1177 1510 1268 1555 vidi,

339 1602 344 1606 .
416 1573 533 1608 Multa
559 1573 649 1608 mihi
675 1575 812 1619 terrae,
838 1573 955 1608 multa
981 1573 1165 1609 minantur
1192 1585 1316 1620 aquae,

143 1658 356 1704 praesertim
384 1669 465 1693 cum
492 1659 608 1693 denuo
636 1659 816 1694 conclusio
844 1659 908 1694 flat
934 1659 1001 1694 hoc
1028 1661 1271 1704 pentametro:

392 1733 581 1768 Destituor
607 1733 742 1778 rapidis
770 1734 905 1778 praeda
931 1734 1100 1779 cibusque
1129 1735 1225 1770 feris.

250 1818 371 1863 Atque
399 1817 477 1863 ipsa
504 1818 603 1852 illius
632 1818 778 1853 distichi
806 1814 888 1868 (93,
906 1815 975 1867 94)
1003 1820 1119 1854 forma
1142 1815 1204 1866 (‘si
1225 1838 1270 1843 —
1292 1815 1337 1853 si’
1361 1815 1491 1854 ‘multa

143 1900 197 1906 ——
221 1878 368 1930 multa’)
400 1882 497 1917 haud
524 1882 597 1917 scio
625 1894 673 1923 an
700 1894 846 1928 operam
873 1883 1033 1928 ineptam
1060 1882 1312 1919 versificatoris
1340 1883 1490 1918 alicuius

142 1945 286 1980 indicet.

250 2009 378 2054 Itaque
406 2008 488 2044 illos
516 2020 656 2055 quoque
683 2020 809 2045 versus
839 2011 900 2055 93,
923 2011 985 2056 94,
1014 2012 1063 2046 95
1092 2010 1332 2046 adulterinam
1360 2011 1487 2057 ampli-

143 2073 345 2107 ficationem
372 2073 549 2118 genuinae
578 2073 808 2119 cogitationis
836 2085 914 2109 esse
942 2076 1039 2119 puto.

250 2137 404 2172 Restant
435 2147 561 2172 versus
597 2138 770 2183 89——92‚
803 2137 841 2172 in
874 2138 1004 2183 quibus
1037 2138 1155 2173 haesit
1187 2138 1357 2174 Lehrsius
1390 2135 1431 2185 (l.
1459 2151 1487 2175 c.

143 2211 177 2245 p.
202 2202 250 2235 63
281 2196 359 2234 ‘der
389 2200 472 2234 sehr
498 2201 656 2246 unzeitig
683 2200 914 2237 erwachende
936 2198 1199 2250 Ahnenstolz').
1245 2202 1315 2237 Sed
1342 2203 1490 2237 dubium

143 2266 215 2310 est,
248 2275 294 2299 an
326 2275 398 2299 non
426 2264 472 2299 ob
500 2275 580 2299 eam
608 2275 753 2300 causam
780 2276 907 2300 versus
934 2257 1163 2301 condemnari
1190 2266 1329 2311 possint
1355 2268 1491 2301 cetero-

143 2328 230 2372 quin
256 2328 347 2362 nihil
374 2327 602 2372 vituperandi
630 2324 693 2376 (cf.
720 2328 839 2375 Koch,
875 2326 1039 2365 ‘Zusfitze
1066 2342 1109 2364 zu
1137 2330 1208 2365 den
1235 2327 1488 2365 Adversarien'

145 2390 183 2426 in
209 2391 320 2427 Jahni
347 2392 466 2427 annal.
495 2391 582 2438 phil.
611 2393 649 2428 et
675 2392 777 2438 paed.
806 2393 874 2430 vol.
905 2395 966 2440 87,
993 2405 1027 2439 p.
1054 2390 1158 2442 148).

250 2455 429 2491 Delendos
458 2456 571 2502 igitur
598 2468 676 2493 esse
703 2469 831 2493 censeo
858 2471 891 2495 v.
910 2460 973 2505 88,
994 2460 1168 2505 93—-953
1196 2461 1305 2504 atque
1328 2461 1370 2495 ut
1390 2459 1490 2505 prior
