1745 2813
757 129 1093 167 -54-.

211 240 344 283 menta,
368 238 499 284 quibus
522 239 641 275 elucet
661 239 828 275 ultimam
850 239 1046 286 epistulam
1067 239 1249 286 integram
1271 240 1318 276 ab
1340 251 1412 276 uno
1428 240 1568 277 eodem-

212 313 281 347 que
304 302 505 347 profectam
528 314 607 338 esse
631 303 816 348 scriptore,
844 314 959 349 neque
981 303 1107 339 multis
1130 314 1220 349 opus
1243 304 1310 349 est,
1337 314 1455 349 neque
1475 316 1570 341 nova

210 366 374 412 proferre
402 378 560 413 possum.

324 430 553 476 Argumenta
581 431 613 466 si
640 431 794 476 requiris
823 431 937 466 Riesii
964 433 1266 482 sectatorumque,
1293 431 1386 474 nihil
1407 434 1570 477 apparet,

211 493 282 530 nisi
320 494 416 540 quod
455 493 669 530 CCXXXVI
707 495 790 531 illos
829 506 956 547 versus
995 495 1093 531 omni
1131 495 1293 531 codicum
1331 494 1435 531 nobis
1472 496 1570 532 certe

212 562 381 595 notorum
414 559 632 595 auctoritate
665 571 788 596 carere
822 560 954 595 dicunt.
1016 560 1120 602 Quod
1159 560 1303 606 quidem
1339 560 1457 596 obiter
1492 571 1570 595 rem

216 623 480 670 attingentibus
522 623 612 659 satis
651 634 763 670 grave
797 623 912 659 videri
944 625 1076 669 potest.
1137 624 1233 659 Nam
1265 635 1346 661 cum
1379 636 1413 660 v.
1446 624 1502 659 illi
1533 624 1572 658 in

215 688 381 724 omnibus
409 688 523 733 libris,
551 689 613 734 qui
635 701 717 724 cum
738 689 922 725 Puteaneo
944 689 1128 725 fluxerunt
1150 699 1194 724 ex
1216 689 1341 731 eodem
1363 689 1570 736 archetypo,

215 753 346 797 desint,
375 753 479 787 illum
502 755 539 788 et
566 753 685 798 ipsum
714 754 780 788 hac
807 753 845 787 in
871 754 976 797 parte
1003 753 1173 788 mutilum
1200 753 1313 789 fuisse
1339 754 1571 789 statuendum

214 818 281 853 est.
359 816 455 859 Quid
498 828 584 853 vero
631 816 841 862 suspicionis
887 816 975 852 haec
1019 817 1131 853 habet
1173 828 1345 854 versuum
1388 817 1571 854 condicio?

214 882 342 917 Nonne
393 882 556 926 ipsorum
601 881 860 917 Ovidianorum
911 882 1111 917 carminum
1156 883 1323 929 Sapphus
1367 882 1571 928 epistulam,

215 957 435 991 quamquam
461 944 572 982 nullis
600 946 761 982 traditur
789 945 969 982 codicibus
998 947 1112 992 atquev
1138 957 1165 983 s.
1188 946 1256 982 XV
1284 947 1428 983 demum
1456 958 1569 982 emer-

214 1010 285 1056 git,
319 1011 435 1046 multo
470 1012 555 1045 ante
590 1011 762 1056 scriptam
796 1022 874 1046 esse
908 1011 1073 1046 constat?
1129 1011 1254 1057 Neque
1288 1011 1361 1047 alia
1393 1012 1487 1048 ratio
1516 1012 1572 1047 est

215 1074 470 1110 consolationis
506 1074 551 1109 ad
579 1074 738 1119 Liviam,
773 1074 804 1109 si
837 1074 982 1119 quidem
1016 1086 1054 1109 re
1090 1075 1193 1120 vera,
1227 1075 1323 1121 quod
1350 1067 1532 1121 Hauptius
1540 1071 1571 1123 ¹)

216 1139 412 1184 dubitavit,
440 1139 657 1175 Huebnerus
665 1134 697 1187 2)
726 1141 848 1175 tamen
875 1139 1077 1175 rationibus
1104 1140 1225 1185 evicit,
1254 1139 1468 1186 Ovidianae,
1500 1151 1573 1175 non

216 1203 444 1249 recentioris,
473 1204 606 1239 aetatis
634 1204 698 1238 illa
726 1206 792 1239 est.

325 1266 405 1312 Sed,
434 1267 529 1312 quod
557 1267 672 1302 multo
700 1267 815 1303 maius
844 1270 911 1313 est,
939 1268 1031 1303 mira
1060 1268 1139 1313 ipsa
1166 1263 1312 1316 ratio³)‚
1340 1279 1412 1313 qua
1438 1268 1574 1303 tradita

217 1333 274 1367 est
314 1331 378 1367 illa
417 1342 525 1377 quam
565 1331 807 1377 disceptamus
847 1332 1023 1378 epistulae
1061 1344 1163 1378 pars,
1202 1344 1282 1368 eam
1320 1344 1393 1368 non
1430 1333 1573 1368 demum

219 1407 245 1431 s.
275 1396 342 1430 XV
372 1407 451 1430 esse
480 1396 672 1430 conflatam
699 1396 902 1432 luculenter
930 1397 1165 1432 demonstrat.
1224 1396 1347 1433 Primo
1375 1396 1573 1432 innotuisse

217 1460 381 1496 videmus
398 1471 524 1496 versus
544 1461 687 1496 tantum
706 1460 881 1506 CXXXII,
904 1472 995 1507 quos
1019 1463 1232 1507 receperunt
1254 1461 1441 1498 Parisinus
1464 1461 1573 1497 codex

218 1535 251 1558 n.
284 1526 403 1569 7991,
438 1523 746 1569 Guelferbytanus
781 1520 890 1571 (Gud.
922 1523 1037 1572 297),
1072 1525 1182 1561 editio
1217 1525 1383 1571 princeps
1410 1526 1574 1564 Romana

220 1583 268 1636 (a.
286 1587 417 1635 1471),
435 1588 563 1623 deinde
586 1588 728 1624 Veneta
747 1584 794 1636 (a.
816 1585 948 1638 1474).
972 1589 1078 1625 Anno
1097 1591 1198 1626 1477
1223 1589 1368 1625 demum
1390 1589 1572 1636 integram

221 1652 415 1698 epistulam
442 1652 627 1688 inventam
662 1664 740 1688 esse
774 1653 998 1699 intellegitur
1032 1666 1076 1689 ex
1109 1654 1298 1689 notissima
1330 1654 1395 1689 illa
1427 1654 1574 1690 editoris

219 1716 426 1752 Parmensis
455 1716 699 1753 adnotatione.
749 1717 843 1752 Nam
872 1717 969 1762 folia,
998 1729 1090 1764 quae
1118 1718 1156 1753 in
1183 1717 1302 1754 codice
1330 1717 1574 1754 Laurentiano

220 1776 327 1828 (plut.
357 1780 511 1815 XXXVI
541 1776 609 1828 27)
644 1781 768 1816 addita
802 1782 900 1827 sunt,
935 1792 1097 1827 quaeque
1130 1783 1239 1817 antea
1271 1794 1383 1817 unum
1415 1783 1575 1819 omnium

219 1845 396 1880 librorum
429 1845 567 1880 fontem
600 1856 678 1880 esse
713 1847 893 1881 statuerat
922 1844 1177 1891 Sedlmayerus
1215 1840 1359 1894 (comm.
1382 1842 1480 1895 crit.)
1508 1858 1573 1882 nu-

179 1946 187 1952 *
219 1903 418 1956 perrim04)
458 1908 554 1944 idem
592 1909 699 1944 homo
736 1909 863 1945 doctus
896 1908 1047 1944 coniecit
1079 1921 1102 1943 a
1134 1908 1221 1943 XVI
1259 1921 1348 1946 saec.
1384 1922 1494 1945 manu
1531 1922 1575 1946 ex

221 1972 419 2018 exemplari
441 1973 562 2019 aliquo
585 1974 684 2019 typis
707 1985 874 2019 expresso
897 1972 1116 2019 transcripta
1135 1984 1223 2009 esse.
1264 1974 1448 2016 Quaenam
1464 1975 1576 2012 fuerit

221 2037 298 2073 cod.
317 2024 414 2083 Lips.
438 2033 543 2086 (bibl.
562 2038 628 2074 civ.
648 2033 718 2087 47)
746 2038 921 2083 condicio,
955 2049 1035 2073 cum
1063 2038 1094 2073 is
1121 2050 1215 2074 nunc
1243 2038 1357 2076 lateat
1384 2039 1485 2085 liber,
1513 2051 1573 2075 ne-

222 2102 369 2146 scimus,
405 2102 469 2137 sed
502 2102 563 2138 vix
597 2103 746 2137 dubium
779 2105 850 2147 est,
885 2102 971 2148 quin
1003 2102 1041 2137 in
1067 2103 1135 2138 hoc
1163 2102 1287 2138 eodem
1315 2103 1422 2139 modo
1449 2116 1575 2139 versus

220 2166 276 2201 illi
302 2166 513 2211 transcripti
540 2166 686 2203 fuerint.
712 2185 757 2192 ——
785 2166 858 2202 Cur
885 2169 1008 2202 autem
1036 2166 1090 2202 illi
1113 2167 1261 2203 editoris
1283 2167 1490 2203 Parmensis
1513 2168 1574 2203 ad·

315 2279 345 2318 1)
368 2278 558 2319 Epicedion
569 2279 671 2311 Drusi
682 2290 758 2311 cum
773 2279 1032 2311 commentariis.
1056 2279 1146 2320 Lips.
1165 2282 1248 2312 1849
1262 2279 1397 2320 (opusc.
1410 2280 1437 2320 Ι,
1448 2282 1573 2322 p.314).
1626 2287 1630 2290 ’

309 2334 341 2373 2)
366 2331 414 2364 Cf.
439 2331 580 2364 Hermes
603 2332 691 2372 XIII,
717 2335 793 2372 145;
817 2331 989 2365 Baehrens
1011 2333 1134 2374 poetae
1156 2332 1216 2366 lat.
1241 2331 1321 2364 min.
1345 2333 1371 2374 Ι,
1394 2343 1426 2374 p.
1451 2337 1502 2367 9⁷.

309 2386 342 2425 3)
365 2385 604 2426 Exposuerunt
619 2386 707 2417 hanc
723 2385 904 2426 Diltheyus
928 2386 970 2417 de
989 2385 1072 2418 Gall.
1091 2386 1171 2426 Cyd.
1189 2396 1221 2426 p.
1241 2389 1282 2417 42
1301 2397 1332 2418 n.
1354 2390 1381 2419 1.
1400 2388 1435 2420 et
1451 2398 1483 2428 p.
1503 2391 1575 2429 136,

223 2436 346 2470 deinde
371 2436 610 2480 Sedlmayerus
633 2439 812 2471 comment.
837 2438 908 2471 crit.

310 2493 343 2532 4)
368 2491 415 2524 Cf.
444 2491 576 2525 Wiener
598 2492 753 2533 Studien,
776 2496 805 2526 3.
822 2491 999 2535 Jahrgang
1025 2495 1105 2524 1881
1129 2502 1160 2534 p.
1182 2494 1252 2524 158.
