1745 2813
714 106 974 160 ,κη’-

174 235 339 283 accurate
356 232 557 280 secundum
578 232 758 268 homerica
779 233 938 268 carmina
959 234 1145 280 finguntur
1153 229 1194 281 ¹),
1217 233 1287 268 nisi
1308 233 1404 278 quod
1427 233 1522 279 apud

171 297 340 335 Ovidium
367 308 433 342 pro
465 296 650 342 aliquanto
683 297 943 342 petulantiores
973 298 1307 343 libidinosioresque
1335 299 1521 342 apparent.

145 404 147 407 ι
171 362 292 406 Atque
319 361 359 395 in
385 361 592 396 universum
608 353 672 401 ‚de'
691 361 853 396 fontibus
875 362 1029 397 duarum
1051 363 1288 407 epistularum
1311 362 1378 396 hoe
1400 362 1517 397 dicen-

170 425 256 459 dum
284 425 354 459 est:
383 435 457 459 non
483 435 595 458 unum
624 424 779 469 aliquod,
810 425 905 469 quod
932 425 1076 470 quidem
1098 425 1201 460 nobis
1229 427 1356 459 notum
1384 425 1441 470 sit,
1470 425 1516 459 ad

170 488 385 525 imitandum
417 488 642 533 propositum
674 488 786 523 fuisse
820 499 980 533 carmen,
1017 489 1080 524 sed
1111 491 1240 534 poetae
1277 489 1314 523 in
1346 489 1519 523 memoria

173 552 284 588 fuisse
318 551 525 587 fabularum
558 551 826 597 antiquissimas
859 552 1010 597 formas,
1043 553 1167 597 quales
1195 553 1290 598 apud
1318 552 1517 587 Homerum

173 617 399 663 tragicosque
427 627 575 662 graecos
604 612 776 664 extant2).
829 617 906 662 Age
935 616 979 651 de
1007 616 1066 662 iis,
1100 616 1218 662 quoad
1245 617 1348 652 nobis
1382 619 1519 663 patent,

175 680 377 717 accuratius
405 681 637 726 quaeramus!

277 745 484 790 Antequam
511 744 615 780 Paris
642 746 751 780 natus
780 746 851 790 est,
879 745 1029 780 Hecuba
1057 744 1094 779 in
1124 744 1256 779 somnis
1279 744 1411 780 vidisse
1439 757 1518 781 nar—

171 810 273 850 ratur
312 804 408 854 (XV,
442 810 492 844 43
528 820 595 854 sq.;
639 811 730 854 1213
765 809 868 854 XVI,
903 804 1000 857 237)
1040 820 1078 843 se
1117 808 1367 843 flammiferam
1404 809 1519 843 facem

170 873 359 918 parturam
392 867 480 909 esse.
536 872 615 915 Qua
648 873 765 918 specie
798 872 985 909 vaticinati
1019 873 1103 907 sunt
1131 883 1286 917 augures
1314 872 1380 907 hoe
1409 873 1518 918 signi-

171 936 286 971 ficari:
321 947 343 970 a
369 947 492 981 puero,
521 947 590 981 quo
619 938 715 971 esset
742 936 866 982 gravis
893 936 973 979 illa,
1008 935 1153 971 Troiam
1182 936 1308 970 urbem
1337 936 1374 970 in
1401 937 1518 981 perni-

170 1000 261 1036 ciem
289 1001 458 1035 vocatum
484 999 538 1036 iri.
594 1000 721 1046 Itaque
750 1000 853 1035 Paris
881 1002 988 1035 natus
1017 999 1055 1034 in
1082 999 1147 1034 Ida
1180 1001 1302 1035 monte
1339 1001 1520 1045 expositus

172 1067 209 1099 et
236 1065 331 1099 inter
356 1066 519 1109 pastores
549 1064 720 1100 educatus
748 1066 804 1100 est
832 1059 916 1112 (hoc
944 1064 981 1098 in
1008 1064 1136 1099 lacuna
1162 1065 1247 1108 post
1273 1076 1418 1099 versum
1441 1066 1518 1109 XV,

173 1130 224 1164 50
252 1128 363 1163 fuisse
392 1125 613 1176 statuimus).
669 1128 767 1164 Haec
796 1128 949 1174 quidem,
977 1140 1068 1173 quae
1096 1128 1192 1172 apud
1220 1127 1420 1163 Homerum
1447 1141 1519 1164 non

171 1193 418 1236 inveniuntur,
450 1195 645 1228 narrantur
677 1193 773 1238 apud
805 1193 961 1238 tragicos
994 1204 1142 1238 graecos
1174 1193 1396 1238 maximeque
1425 1194 1520 1238 apud

174 1256 384 1302 Euripidem
419 1251 478 1305 (cf.
507 1257 678 1292 Androm.
708 1258 785 1292 294
816 1268 878 1303 sq.,
908 1258 996 1302 575,
1029 1258 1147 1302 12903
1187 1256 1358 1301 Welcker,
1386 1257 1519 1302 grieeh.

172 1321 280 1366 Trag.
307 1334 342 1366 p.
370 1317 611 1369 462—476).

280 1385 337 1420 Ab
372 1385 508 1420 eisdem
542 1385 699 1430 pendent
725 1386 878 1420 Romani
911 1397 1050 1431 quoque
1084 1387 1212 1430 poetae
1240 1386 1384 1431 tragici,
1418 1386 1520 1420 velut

172 1450 312 1485 Ennius
350 1444 410 1496 (cf.
443 1449 604 1485 Ribbeck
638 1454 725 1486 rem.
761 1450 868 1495 Trag.
901 1462 935 1494 p.
965 1451 1012 1485 81
1045 1446 1113 1497 sq.)
1152 1450 1309 1495 itemque
1337 1449 1523 1495 Hyginus3

171 1525 252 1548 eum
289 1513 505 1548 Dracontius
543 1513 688 1558 quidem
725 1514 898 1548 nonnulla
935 1513 1080 1548 fabulae
1119 1514 1338 1549 lineamenta
1377 1513 1519 1548 diverso

170 1578 275 1613 modo
303 1578 493 1613 adumbret
521 1574 581 1625 (cf.
610 1578 701 1614 Mus.
729 1578 841 1613 Rhen.
871 1577 1020 1623 XXVII,
1048 1590 1082 1623 p.
1112 1574 1219 1627 477).

281 1642 383 1683 Quod
412 1642 449 1676 in
477 1642 563 1676 Idae
591 1642 774 1676 montibus
803 1639 897 1688 (XV,
917 1638 984 1688 95)
1013 1638 1201 1686 ‘Nymphis
1228 1653 1380 1686 curaque
1408 1629 1540 1677 amor-⁷

173 1718 237 1750 quc
264 1701 361 1751 fuit',
390 1717 471 1741 cum
502 1705 667 1741 dilexerit
695 1704 867 1741 Oenonen
894 1701 1008 1753 (XVI,
1040 1702 1150 1752 195),
1184 1707 1292 1750 poeta
1320 1708 1416 1741 certe
1449 1717 1520 1740 non

119 1786 123 1790 ·
171 1782 191 1805 e
213 1770 331 1815 poetis
353 1769 607 1805 Alexandrinis
629 1769 760 1814 hausit,
785 1769 955 1814 quoniam
973 1768 1121 1804 Ovidius
1144 1770 1220 1815 ipse
1243 1770 1287 1804 de
1309 1770 1376 1804 hoc
1398 1781 1519 1804 amore

170 1835 272 1879 large
300 1833 460 1878 loquitur
489 1828 580 1882 (her.
608 1828 669 1880 V).
725 1832 828 1874 Quod
856 1832 983 1867 deinde
1010 1835 1137 1868 narrat
1163 1835 1237 1868 tres
1273 1833 1359 1867 deas
1386 1833 1519 1877 Paridi,

173 1909 254 1932 cum
281 1899 407 1943 pastor
434 1898 472 1932 in
499 1897 585 1932 Idae
613 1897 795 1932 montibus
824 1898 1048 1941 versaretur,
1083 1897 1260 1932 Mercurio
1294 1897 1381 1931 duce
1409 1908 1517 1942 appa-

169 1962 284 1997 ruisse
314 1957 374 2010 (cf.
403 1962 479 2006 XV,
510 1963 684 2007 53—-893
711 1961 808 2006 XVI,
839 1957 933 2010 242)
962 1963 1107 1997 orantes
1135 1964 1191 2007 ut,
1220 1973 1394 2007 quaenam
1422 1963 1516 1996 esset

169 2026 400 2071 pulcerrima,
440 2026 667 2071 diiudicaret,
712 2027 807 2061 certe
847 2038 890 2061 ex
928 2026 1190 2071 antiquioribus
1229 2026 1361 2060 fabulis
1403 2025 1516 2061 fluxit.

170 2091 283 2126 Nulla
310 2091 406 2125 enim
433 2091 505 2125 alia
532 2101 640 2126 causa
667 2090 788 2125 iudicii
813 2091 982 2136 affertur,
1014 2091 1084 2125 nisi
1112 2092 1153 2125 ut
1185 2090 1284 2125 iussu
1312 2090 1407 2125 Iovis
1441 2101 1515 2124 cer-

170 2154 308 2190 tamina
323 2154 447 2190 'sistat
480 2154 628 2190 dearum
657 2149 752 2203 (XV,
783 2150 861 2203 69).
916 2154 1084 2189 Nondum
1113 2165 1229 2189 sermo
1257 2155 1312 2188 est
1339 2153 1383 2188 de
1410 2164 1516 2198 pomo

260 2269 290 2308 1)
314 2269 364 2300 De
392 2268 522 2300 Helena
550 2267 591 2299 cf.
620 2267 717 2299 Hom.
743 2267 804 2299 Od.
827 2267 884 2307 IV,
909 2270 982 2307 145,
1005 2271 1083 2306 26ος
1112 2267 1149 2298 Il.
1174 2266 1230 2307 ΙΙΙ,
1256 2269 1325 2305 180,
1349 2270 1427 2305 40ος
1458 2266 1517 2306 VI,

173 2325 252 2362 3443
278 2321 397 2362 XXIV,
422 2324 498 2361 7643
521 2320 563 2361 II,
586 2323 660 2361 356,
683 2323 764 2360 59ος
787 2320 844 2360 111,
868 2324 945 2357 174;
974 2320 1015 2353 de
1038 2319 1159 2353 Paride
1183 2330 1235 2361 ep.
1260 2319 1332 2360 XV,
1356 2323 1396 2351 93
1420 2320 1456 2352 et
1479 2319 1515 2351 ΙΙ.

176 2375 233 2416 ΙΙΙ,
258 2379 309 2416 39,
333 2379 391 2415 54;
414 2385 465 2416 ep.
489 2375 562 2414 XV,
585 2378 646 2407 352
670 2376 706 2406 et
727 2375 817 2414 XVI,
840 2378 900 2407 251
926 2386 1003 2407 cum
1025 2375 1062 2406 11.
1086 2374 1144 2415 ΙΙΙ,
1167 2377 1229 2405 430
1251 2384 1299 2413 sq.

261 2430 294 2468 2)
318 2427 453 2461 Similes
485 2429 562 2460 sunt
593 2428 689 2460 velut
718 2438 770 2469 ep.
799 2428 871 2467 XV,
897 2431 946 2467 16,
971 2431 1022 2468 27,
1045 2430 1085 2459 35
1114 2428 1149 2457 et
1175 2426 1252 2457 Eur.
1276 2425 1350 2458 Hel.
1375 2430 1433 2465 29;
1462 2438 1517 2472 ep,

172 2482 244 2524 XV,
267 2485 348 2524 2973
371 2481 460 2521 XVI,
484 2484 546 2517 154
569 2491 629 2522 sq„
653 2485 713 2514 163
737 2492 785 2528 sq.
810 2482 845 2514 et
867 2481 944 2514 Eur.
968 2480 1090 2513 Troad.
1114 2483 1186 2514 943.
