1745 2813
777 118 936 155 —45
994 139 1058 151 —-.

231 231 361 276 duel-it,
388 231 523 266 narrat.
571 228 711 264 Similia
737 230 846 274 atque
873 229 940 263 hoc
967 230 1044 264 loco
1073 229 1238 265 Tibullus
1267 229 1300 274 Ι,
1320 231 1354 274 6,
1375 230 1423 265 17
1453 230 1491 263 et
1518 226 1583 264 Ov.

227 284 250 329 e
278 294 318 330 P.
340 294 395 340 Π,
418 295 458 339 5,
483 294 532 328 38
566 293 733 337 narrant,
766 304 786 326 e
824 291 956 337 quibus
982 293 1138 328 fortasse
1176 293 1298 328 hausit
1335 292 1586 336 interpolator.

231 359 301 394 Sed
340 359 410 395 etsi
441 368 612 394 versuum
647 357 735 402 247,
763 357 839 392 248
880 358 917 391 et
951 358 1039 402 251,
1059 358 1135 392 252
1165 356 1273 393 dictio
1306 356 1396 391 nihil
1425 355 1585 401 offendit,

229 424 352 457 tamen
385 423 474 466 249,
499 422 578 456 250
609 421 646 454 et
678 422 827 464 propter
854 421 1130 455 constructionis
1158 421 1351 455 verborum
1379 420 1585 465 duritatem,

230 488 268 522 et
300 485 395 532 quod
427 484 729 530 interpolatorum
761 496 862 520 more
895 496 1007 519 unum
1039 484 1255 521 vocabulum
1285 479 1494 532 (‘pectora')
1522 496 1583 530 ge-

228 550 379 584 nuinum
412 549 600 595 arripitur,
640 551 677 584 et
710 549 753 584 de
787 549 854 584 hoc
882 548 992 584 latius
1026 549 1232 594 exponitur,
1265 551 1407 584 tantam
1440 550 1586 582 movent

230 613 481 659 suspicionem,
527 614 568 648 ut
613 612 698 659 quin
743 612 781 648 hi
819 593 964 659 quide‘m
1002 612 1149 659 genuini
1186 623 1258 648 non
1297 611 1386 658 sint,
1427 611 1586 647 dubitari

230 680 396 722 nequeat.

338 750 501 796 Itemque
524 761 649 786 versus
674 750 762 796 255,
776 750 865 795 256,
888 761 1041 795 quorum
1063 749 1163 794 prior
1184 748 1327 795 repetit,
1350 749 1445 794 quod
1468 749 1583 784 multo

229 816 357 852 melius
391 825 431 852 v.·
461 817 670 851 241—246
712 816 928 860 explicatum
967 817 1061 861 erat,
1105 816 1261 851 fortasse
1303 815 1447 850 delendi
1487 817 1586 861 sunt,

235 878 450 925 praesertim
488 890 569 914 cum
601 878 695 919 vsatis
727 878 845 914 ieiune
883 881 1035 925 uterque
1069 890 1195 915 versus
1229 879 1377 924 incipiat
1410 890 1432 913 a
1464 878 1585 913 verbis

231 939 284 989 ‘et
310 940 440 980 modo'.

340 1018 532 1054 Sedtamen
559 1021 601 1054 ut
629 1019 672 1053 de
700 1018 756 1054 his
784 1030 855 1054 non
882 1006 973 1053 nihil
1001 1018 1237 1054 dubitationis
1266 1018 1497 1064 relinquitur,
1532 1018 1585 1053 ita

230 1095 293 1118 cur
326 1084 363 1118 in
390 1083 551 1119 Helenae
585 1084 741 1128 epistula
768 1083 962 1129 quidquam
990 1084 1028 1118 in
1057 1084 1294 1128 suspicionem
1321 1072 1486 1128 vocetur,
1520 1095 1584 1118 nec

229 1158 354 1181 causas
389 1147 607 1181 certissimas
642 1158 720 1182 esse
750 1159 816 1181 nec
846 1147 875 1181 si
903 1147 981 1191 quis
1009 1158 1152 1193 versus,
1186 1159 1275 1192 quos
1305 1148 1438 1182 otiosos
1472 1147 1583 1181 mole-

229 1212 350 1247 stosve
379 1210 484 1256 dicat,
513 1210 697 1246 deleturus
726 1212 797 1255 est,
824 1210 969 1245 modum
997 1211 1134 1246 servari
1161 1222 1266 1256 posse
1294 1213 1405 1256 patet.

336 1275 463 1320 Itaque
492 1275 561 1309 etsi
587 1274 648 1310 vix
676 1285 779 1318 spero
807 1286 865 1309 me
891 1275 1011 1309 omnia
1033 1277 1129 1309 recte
1151 1273 1341 1322 iuvenisse,
1369 1279 1489 1310 tamen
1513 1276 1581 1310 hoc

232 1350 405 1384 apparere
428 1340 516 1383 puto
540 1340 578 1373 et
601 1338 740 1383 spurios
764 1350 828 1383 per
850 1350 973 1373 omnes
998 1339 1185 1373 heroidum
1207 1340 1380 1384 epistulas
1404 1340 1583 1385 dispersos

235 1414 359 1438 versus
388 1414 466 1438 esse
495 1405 530 1438 et
559 1403 769 1448 plerumque
799 1414 860 1437 eos
888 1414 967 1438 esse
997 1403 1136 1447 spurios
1164 1404 1319 1449 agnosci.

267 1725 356 1778 (lap.
379 1726 447 1767 ΙΙΙ.
494 1726 549 1768 De
571 1727 764 1777 genuinis
787 1727 945 1779 aliquot
968 1727 1174 1778 versibus,
1206 1727 1274 1779 qui
1299 1727 1544 1769 omittuntur

630 1802 864 1854 plerumque
888 1802 933 1842 iu
956 1801 1177 1843 codicibus

865 1938 949 1985 §L

334 2024 404 2060 Illa
441 2025 758 2070 grammaticomm
793 2026 1015 2062 lectorumve
1051 2025 1274 2061 eruditorum
1306 2025 1484 2061 industria
1516 2027 1577 2062 ad-

228 2087 335 2123 dendi
363 2088 406 2124 de
436 2100 499 2124 suo
528 2100 664 2134 versus,
692 2100 772 2124 cum
801 2101 865 2134 per
892 2090 1034 2135 longius
1057 2089 1228 2135 temporis
1251 2089 1481 2125 intervallum
1503 2090 1579 2125 fere

227 2153 472 2199 conquievisse
511 2154 693 2199 videatur,
733 2153 850 2189 medio
890 2165 979 2190 aevo
1018 2154 1158 2190 revixit.
1212 2154 1369 2190 Inveniri
1407 2154 1502 2189 euim
1521 2182 1523 2184 .
1543 2135 1585 2190 in·

228 2228 318 2253 saec.
341 2217 554 2251 XIII—XV
587 2218 688 2252 libris
721 2229 791 2252 non
824 2229 937 2263 pauca
965 2218 1118 2253 disticha
1146 2229 1255 2263 supra
1281 2218 1452 2263 vidimus,
1486 2230 1578 2264 quae

226 2292 307 2316 cum
346 2281 539 2317 maximam
582 2284 725 2327 partem
762 2294 835 2318 non
874 2283 990 2318 solum
1029 2283 1327 2328 pauperculorum
1366 2282 1428 2317 sed
1467 2283 1577 2318 etiam

225 2346 412 2380 hominum
440 2346 554 2380 latino
583 2357 744 2381 sermone
772 2358 844 2381 non
871 2346 944 2380 iam
968 2348 1160 2382 vernaculo
1182 2346 1374 2391 utentium,
1401 2347 1511 2381 immo
1535 2360 1579 2383 ex

225 2411 328 2454 parte
351 2409 506 2444 barbaro
528 2410 588 2446 vel
610 2410 866 2456 semibarbaro,
890 2413 987 2446 certe
1011 2410 1163 2456 inficeto,
1184 2410 1279 2445 fetus
1297 2421 1376 2446 esse
1393 2415 1578 2457 appareat,

227 2474 363 2518 optimo
399 2474 476 2509 iure
505 2486 527 2508 a
554 2474 718 2520 genuinis
747 2475 926 2521 versibus,
962 2487 983 2510 a
1010 2475 1139 2520 quibus
1168 2475 1246 2519 ipso
1275 2486 1362 2510 sono
1389 2476 1496 2521 longe
1525 2476 1577 2511 di-
