1745 2813
740 136 998 174 *50-

189 244 425 291 suspiciosum
458 244 618 292 videtur;
658 247 767 292 atque
806 246 901 281 idem
941 245 1017 281 sine
1057 245 1166 281 dubio
1200 244 1434 281 statuendum
1467 249 1546 282 erat

189 309 232 344 de
261 321 316 355 ep.
344 309 426 355 XII,
454 310 550 356 quod
585 311 687 346 nulla
719 312 909 356 praeterea
941 309 1159 346 auctoritate
1191 309 1337 355 nititur,
1369 309 1440 346 nisi
1472 310 1545 347 edi-

188 374 297 410 tionis
315 374 478 411 Venetae
506 375 655 421 primae,
683 376 722 410 in
749 387 821 422 qua
848 376 1034 411 meliorem
1063 375 1221 411 codicem
1244 386 1453 421 expressum
1473 386 1546 410 non

188 450 267 474 esse
291 441 435 475 constat
458 435 520 488 (cf.
539 439 752 486 Sedlmayer
768 441 860 486 prol.
877 440 955 477 crit.
972 452 1006 486 p.
1026 435 1106 489 95).
1158 438 1269 475 Tardi
1292 441 1389 475 certe
1411 439 1547 485 ingenii

188 503 220 539 is
258 503 346 549 fuit,
385 504 446 549 qui
484 504 642 549 primum
682 505 911 541 enuntiatum
950 505 1212 550 complemento
1252 516 1384 551 augere
1419 503 1546 548 voluit,

188 567 321 614 quippe
355 567 451 614 quod
483 579 599 614 neque
638 568 734 604 iusto
768 569 875 605 modo
903 569 1094 605 cohaerere
1122 579 1204 605 cum
1231 568 1409 615 proximis
1429 578 1546 614 neque

189 632 235 668 ad
262 634 379 668 totam
408 632 602 679 epistulam
630 633 808 680 quadrare
835 635 969 679 pateat.

298 698 364 743 Ep.
392 697 465 733 VH
493 696 637 734 initium
665 698 824 734 traditur
851 710 873 734 a
900 698 1020 734 codice
1048 698 1233 743 Etonensi,
1261 698 1323 744 qui
1351 698 1431 734 aliis
1459 708 1545 744 quo-

190 773 260 807 que
294 762 428 807 spuriis
462 762 575 797 initiis
608 773 674 797 nos
707 762 845 807 beavit,
878 774 1009 808 neque,
1043 763 1087 797 ut
1118 762 1321 812 permultae
1349 761 1441 797 aliae
1470 761 1546 796 eius

189 825 499 871 interpolationes,
527 826 595 861 hoc
617 826 796 861 distichon
818 826 856 861 in
877 826 1032 861 relicuos
1053 826 1165 861 libros
1193 825 1349 871 irrepsit,
1377 825 1547 871 quoniam

189 892 231 924 ut
259 901 370 935 supra
396 889 552 925 vidimus
580 901 653 925 non
679 890 755 926 fere
783 893 883 926 totus
917 890 1140 936 perscriptus
1174 892 1231 927 est
1263 890 1370 935 liber,
1404 889 1468 925 sed
1501 889 1547 924 ad

190 953 422 1001 corrigendos
445 954 536 989 alios
559 954 698 990 codices
721 954 916 991 adhibitus.
963 956 1082 1003 Atque
1110 957 1266 1001 augetur
1293 955 1337 990 de
1365 954 1439 989 illis
1466 965 1545 990 ver-

190 1018 291 1054 sibus
321 1019 526 1064 scrupulus,
560 1019 657 1065 quod
684 1031 757 1057 non
791 1022 875 1065 apte
908 1018 1054 1055 videtur
1086 1030 1129 1055 ea
1162 1019 1351 1066 cogitatio,
1384 1029 1477 1064 quae
1509 1018 1547 1052 in

189 1095 224 1118 v.
262 1085 301 1128 1,
337 1084 358 1118 2
397 1084 561 1128 exemplo
600 1083 808 1119 illustratur
845 1095 887 1119 ac
927 1084 1055 1119 deinde
1093 1095 1160 1129 per
1197 1086 1313 1119 totam
1353 1082 1546 1128 epistulam

190 1147 307 1193 magis
346 1147 506 1192 velatur,
545 1159 654 1193 quam
692 1148 788 1183 clare
828 1148 1045 1194 exprimitur
1083 1151 1193 1194 atque
1226 1148 1264 1183 in
1295 1147 1366 1182 fine
1399 1147 1546 1182 demum

191 1211 327 1255 apertis
355 1211 477 1246 verbis
505 1211 657 1246 affertur
686 1207 781 1259 (183
806 1207 918 1260 sqq.),
946 1212 984 1246 in
1005 1213 1084 1257 ipso
1107 1212 1211 1246 initio
1233 1214 1310 1246 tam
1332 1211 1429 1245 nuda
1450 1210 1546 1255 poni,

190 1276 232 1309 ut
264 1273 306 1309 fit
334 1274 474 1310 duobus
502 1274 576 1310 illis
603 1275 769 1311 versibus
798 1275 985 1321 suppletis.
1036 1276 1155 1322 Atque
1184 1287 1256 1321 qua
1283 1286 1365 1310 cum
1392 1285 1431 1309 re
1454 1284 1547 1309 com-

190 1340 387 1382 poneretur
401 1339 510 1373 oloris
528 1342 667 1383 cantus,
684 1343 782 1375 certe
800 1340 1012 1385 languidum
1029 1342 1109 1375 erat
1127 1340 1338 1384 explicatius
1357 1348 1543 1383 exponere,

191 1412 274 1436 cum
307 1401 345 1436 in
378 1401 518 1437 duobus
552 1413 644 1448 quae
674 1405 873 1449 sequuntur
900 1403 1063 1439 distichis
1089 1403 1327 1439 contineatur.
1360 1421 1406 1426 —
1437 1401 1546 1437 Item-

192 1477 260 1512 que
285 1465 371 1501 XVI
394 1477 448 1511 ep.
477 1466 652 1511 cogitatio
681 1478 790 1512 quam
811 1468 978 1512 praefixit
1004 1468 1124 1503 nescio
1147 1468 1227 1513 quis
1250 1464 1311 1515 (cf.
1335 1466 1548 1511 Sedlmayer

191 1530 214 1565 l.
233 1541 261 1566 c.
280 1542 314 1575 p.
335 1524 414 1578 67),
443 1529 614 1565 facillime
644 1531 762 1566 animo
792 1532 991 1577 suppletur.
1037 1531 1175 1567 Versus
1202 1531 1272 1577 ipsi
1300 1530 1397 1566 omni
1424 1531 1549 1564 carent

192 1594 410 1629 auctoritate
438 1594 611 1630 codicum.
640 1614 691 1620 —-
720 1596 764 1630 In
791 1596 884 1631 VIII
912 1599 949 1632 et
976 1597 1027 1631 IX
1060 1608 1131 1641 ep.,
1164 1598 1419 1641 praeterquam
1451 1593 1547 1639 quod

192 1658 229 1692 in
256 1659 324 1693 hac
352 1658 529 1704 puerilem
556 1659 594 1694 in
621 1659 768 1695 modum
795 1661 952 1705 primum
979 1661 1059 1706 ipsa
1086 1660 1243 1706 epistula
1270 1660 1420 1705 loquens
1447 1658 1548 1694 indu-

192 1723 287 1758 citur
322 1725 432 1768 atque
467 1723 633 1769 pergitur
665 1724 702 1759 in
737 1724 863 1761 eodem
891 1725 1096 1770 enuntiato,
1130 1724 1234 1770 quasi
1261 1723 1431 1759 Deianira
1458 1723 1546 1758 allo-

192 1786 365 1832 queretur
394 1787 598 1833 Herculem,
626 1788 693 1823 hoc
721 1789 950 1834 potissimum
979 1789 1138 1834 offendit,
1169 1788 1264 1834 quod
1291 1788 1440 1823 heroine.
1461 1787 1549 1822 dicit

194 1863 233 1887 se
266 1862 339 1887 non
371 1851 444 1886 iam
479 1863 557 1887 esse
590 1852 710 1888 herois
744 1853 857 1889 amati
890 1864 1049 1889 uxorem.
1105 1852 1209 1895 Quod
1241 1851 1390 1902 quidem,
1420 1864 1442 1889 a
1468 1854 1548 1888 tota

195 1916 352 1962 epistula
380 1915 538 1950 alienum
567 1928 644 1952 esse
673 1919 839 1962 apertum
868 1919 924 1952 est
952 1912 1013 1964 (cf.
1031 1917 1132 1962 VIII,
1151 1918 1200 1952 28
1220 1928 1287 1963 sq.;
1315 1917 1377 1962 IX,
1396 1918 1446 1952 27
1466 1913 1547 1965 sq).

305 1979 434 2025 Itaque
469 1976 651 2029 singula1)
687 1992 778 2026 quae
812 1981 996 2016 adduntur
1028 1981 1182 2016 disticha
1215 1981 1303 2016 satis
1337 1981 1565 2027 suspicionis

193 2046 355 2088 movent,
390 2045 433 2079 ut
461 2055 504 2079 ea
531 2044 652 2090 potius
680 2045 735 2081 illi
761 2045 945 2081 variorum
972 2046 1271 2091 interpolatorum
1299 2045 1417 2081 studio
1445 2045 1549 2081 attri-

193 2109 348 2144 buamus
382 2108 428 2144 ad
463 2109 616 2145 similem
649 2111 887 2157 complurium
924 2110 1164 2156 epistularum
1202 2110 1357 2145 formam
1395 2109 1548 2144 relicuas

192 2174 374 2219 pleniores
407 2173 588 2210 reddendi.
617 2194 668 2199 —
697 2175 818 2221 Atque
852 2186 932 2212 cum
964 2175 1161 2210 viderimus
1188 2173 1346 2220 primum
1373 2173 1470 2208 haud
1496 2173 1549 2209 ita

283 2289 316 2329 1)
338 2287 389 2320 De
406 2286 542 2319 relicuis
560 2297 647 2328 quae
665 2288 700 2320 in
713 2287 958 2320 recentioribus
975 2287 1071 2320 libris
1088 2286 1261 2320 adduntur
1278 2285 1432 2318 distichis
1450 2296 1546 2319 aecu-

196 2341 301 2374 ratius
323 2341 425 2373 mitto
449 2350 621 2382 quaerere,
645 2352 721 2374 cum
745 2343 780 2374 et
802 2341 976 2374 Vahlenus
998 2340 1190 2373 necessaria
1211 2349 1253 2372 ea
1274 2349 1346 2372 esse
1368 2349 1436 2372 non
1459 2340 1548 2372 affir·
1588 2384 1590 2386 q

194 2397 275 2436 met,
298 2396 334 2427 et
356 2404 397 2426 ea
419 2394 548 2427 ficticia.
570 2404 642 2427 esse
659 2394 771 2436 primo
788 2395 910 2427 obtutu
927 2395 1100 2436 appareat.
1134 2393 1256 2433 Unum,
1279 2403 1301 2424 a
1317 2403 1384 2434 quo
1401 2393 1437 2425 in
1451 2392 1548 2426 libris

194 2448 399 2491 quibusdam
423 2458 475 2490 ep.
499 2447 576 2481 XIX
600 2448 741 2490 orditur,
765 2459 841 2481 cum
864 2448 1075 2480 simillimum
1099 2447 1144 2479 sit
1164 2456 1216 2488 ep.
1240 2445 1305 2478 VII
1326 2445 1548 2489 inscriptioni.

195 2512 297 2544 quam
321 2503 462 2544 praebet
484 2502 678 2543 Etonensis,
707 2512 747 2534 ex
768 2502 833 2534 hoc
856 2501 945 2533 libro
968 2500 1102 2532 fluxisse
1125 2500 1267 2533 videtur.
