1745 2813
259 251 310 288 48
337 252 516 286 Arsurum
543 248 685 285 Paridis
713 250 816 284 vates
844 249 942 284 canit
967 249 1061 284 Ilion
1087 245 1174 295 igni.

271 315 495 360 Quamquam
522 324 594 348 non
622 314 679 348 est
704 311 927 347 reticendum
954 311 1022 347 hoe
1048 312 1126 348 loco
1155 312 1199 347 de
1227 323 1270 347 ea
1298 322 1407 347 causa
1428 311 1512 346 hae-

162 382 235 418 reri
268 391 402 427 posse,¹
422 378 517 424 quod
550 377 637 413 dicit
665 376 802 412 Helena
829 372 943 425 (XVI.
967 374 1062 423 240)
1095 377 1214 420 ferumt
1247 371 1414 421 (urgetur
1445 376 1513 411 hoc

163 445 307 492 quidem
339 455 363 479 a
387 438 538 489 Riesio),
571 443 613 476 ut
645 440 844 486 putandum
878 440 927 475 sit
954 451 1033 475 eam
1066 440 1111 475 ab
1145 439 1226 474 aliis
1258 439 1346 474 haee
1372 450 1512 484 compe-

163 510 262 545 risse.
313 507 383 542 Sed
406 507 437 542 si
460 505 605 551 quidem
627 515 685 540 res
708 504 798 539 adeo
821 504 1015 549 premenda
1037 506 1102 548 est,
1126 503 1196 538 nisi
1218 503 1284 538 hoc
1307 503 1384 537 loco
1406 503 1513 548 paulo

162 571 470 619 neglegentiorem
496 569 609 605 fuisse
635 566 781 614 poetam
810 570 971 605 statuere
999 568 1064 613 vis,
1093 579 1219 613 reapse
1247 567 1348 602 illam
1370 566 1514 612 potissi·

163 648 262 672 mum
288 634 451 669 fabulam
478 635 556 668 tum
583 632 621 667 in
649 632 808 667 omnium
836 642 897 666 ore
919 631 1031 666 fuisse
1054 631 1123 666 dici
1144 631 1297 677 videtur.
1324 649 1369 655 —
1394 631 1514 675 Atque

164 700 274 736 etiam
307 697 531 733 Cassandrae
564 696 857 732 vaticinationem
899 690 994 744 (XV,
1024 691 1119 743 122)
1159 695 1430 730 commemorari
1470 695 1515 729 ab

164 764 303 798 Helena
341 761 404 796 illo
443 762 520 796 loco
555 762 644 805 puto
678 762 716 795 et
749 759 844 805 quod
877 759 963 794 dicit
997 756 1109 806 (XVI,
1134 755 1229 807 239)
1263 762 1384 794 vatum
1417 760 1516 794 timeo

163 828 315 863 monitus
343 826 379 860 et
401 824 496 870 quod
519 824 620 860 addit
641 825 720 869 iqne
740 824 886 868 Pelasqo
907 823 1006 859 Ilion
1028 834 1207 864 arswrum,
1234 833 1316 858 cum
1337 833 1409 868 qua
1429 833 1516 857 voce

166 890 328 926 conferas
355 889 468 924 verba
494 888 571 933 XV,
598 889 689 923 123:
1058 885 1061 889 ’

332 967 337 971 ·
868 951 1002 987 referes
1030 951 1194 987 incendia
1220 952 1355 996 tecum,

390 1016 531 1058 Quanta
558 1027 622 1061 per
649 1016 714 1051 has
741 1016 856 1051 nescis
883 1003 1028 1051 ¹flamma
1054 1018 1201 1061 petatur
1229 1027 1351 1061 aquas.

271 1081 432 1126 Denique
461 1080 570 1115 etiam
598 1080 642 1115 de
670 1079 836 1115 Oenonae
865 1092 985 1115 amore
1009 1080 1150 1116 Paridis
1179 1081 1370 1126 epistulam
1398 1080 1515 1125 egisse

166 1146 295 1181 docent
321 1145 596 1181 haee‘Helenae
624 1145 736 1180 verba
763 1145 859 1190 XVI,
881 1147 971 1182 195:

360 1210 415 1244 Tu
443 1221 582 1254 quoque
611 1208 780 1244 dilectam
807 1210 940 1244 multos
968 1209 1075 1244 infide
1103 1222 1168 1254 per
1195 1221 1307 1245 annos

410 1273 547 1309 Diceris
577 1272 747 1309 Oenonen
775 1273 982 1309 destituisse
1004 1275 1116 1310 tuam.

335 1384 339 1388 .
359 1338 433 1373 Nec
460 1340 582 1373 tamen
608 1338 686 1382 ipse
713 1349 824 1383 negas
842 1364 849 1372 .
869 1366 876 1373 .
896 1365 904 1373 .

273 1401 414 1437 Dicitur
441 1404 562 1438 autem
590 1398 635 1436 de
662 1401 730 1437 hoc
757 1413 879 1437 amore
907 1414 940 1438 v.
959 1402 1036 1447 XV,
1054 1399 1104 1437 96
1123 1413 1174 1447 sq.
1223 1402 1344 1447 Atque
1372 1402 1423 1437 ibi
1445 1413 1517 1437 non

110 1463 120 1472 “
166 1466 237 1501 nisi
261 1465 427 1502 Oenonae
454 1478 586 1502 nomen
612 1467 710 1502 fama
739 1468 922 1512 acceptum
945 1466 1106 1512 generali
1129 1463 1397 1512 ‘nympharum'
1419 1478 1516 1502 men-

166 1530 272 1576 tioni,
306 1543 413 1576 quam
445 1542 555 1566 unam
589 1530 761 1567 Oenonen
793 1531 987 1576 respiciens
1016 1531 1117 1566 Paris
1151 1542 1195 1566 ex
1228 1531 1402 1567 sermonis
1435 1543 1517 1567 con-

168 1595 355 1630 suetudine
372 1596 610 1631 usitatissima
625 1596 773 1641 fecerat,
796 1596 936 1631 Helena
953 1596 1155 1631 substituit:
1178 1596 1248 1631 nisi
1264 1596 1359 1631 forte
1375 1598 1520 1640 praeter

168 1657 338 1694 Oenonen
356 1659 465 1694 etiam
483 1659 638 1695 Arisben
655 1660 849 1705 significari
864 1662 1033 1705 putamus
1053 1656 1113 1709 (cf.
1132 1660 1258 1706 Unyer,
1282 1660 1375 1694 Sinis
1392 1672 1425 1705 p.
1440 1656 1519 1706 91).

167 1722 363 1758 Praeterea
387 1723 526 1759 Helena
552 1723 632 1769 ipsa
660 1724 766 1759 claris
794 1724 914 1760 verbis
942 1724 1030 1759 dicit
1057 1724 1100 1759 de
1123 1725 1190 1759 hoc
1213 1735 1333 1776 amore
1363 1734 1400 1758 se
1417 1735 1518 1759 accu-

169 1787 306 1822 ratiora
333 1788 545 1833 inquirendo
573 1789 799 1834 comperisse.
844 1789 927 1823 Alio
955 1791 1078 1824 autem
1105 1789 1183 1824 loco
1212 1789 1367 1823 alterum
1395 1800 1519 1823 earum

168 1862 300 1896 rerum,
328 1863 417 1896 quas
445 1852 489 1887 de
512 1852 642 1887 Paride
672 1852 805 1898 scribit,
833 1852 971 1888 fontem
993 1853 1152 1888 Helenae
1175 1853 1286 1888 fuisse
1308 1854 1416 1897 poeta
1437 1863 1517 1886 cum

169 1915 300 1950 addere
328 1914 501 1961 noluerit,
535 1917 602 1951 hoc
634 1928 705 1951 uno
740 1929 823 1952 eum
856 1918 1020 1952 consulto
1057 1918 1162 1962 plura
1189 1917 1319 1951 dixisse
1348 1928 1454 1961 quam
1483 1916 1519 1950 in

151 1980 288 2027 *priore
317 1981 472 2025 epistula
500 1983 619 2026 erant,
648 1981 879 2017 statuendum
907 1984 972 2017 est.

276 2045 327 2080 At
359 2045 532 2080 faciamus
566 2045 648 2080 illos
676 2045 758 2081 CIV
792 2057 917 2082 versus
951 2058 1022 2081 non
1050 2057 1130 2082 esse
1157 2046 1335 2091 profectos
1363 2057 1385 2080 a
1411 2047 1518 2090 poeta

169 2109 309 2154 eodem,
345 2109 407 2154 qui
434 2112 556 2145 cetera
582 2110 791 2155 composuit.
843 2111 935 2145 Tum
963 2110 1129 2156 quoniam
1159 2110 1276 2146 obiter
1303 2110 1366 2144 illa
1393 2109 1518 2144 fabula

169 2172 227 2212 hie
255 2175 363 2219 atque
391 2174 465 2210 illic
494 2174 717 2220 significatur
743 2177 786 2210 ut
811 2175 1010 2220 notissima,
1039 2176 1149 2211 tacito
1177 2175 1280 2221 fingi,
1311 2175 1383 2209 iam
1411 2176 1519 2222 antea

169 2248 191 2271 a
218 2236 349 2272 Paride
377 2237 538 2273 Helenae
573 2239 692 2273 omnia
725 2249 804 2274 esse
837 2241 985 2274 narrata
1018 2239 1169 2283 cogitari
1195 2239 1320 2283 possit.
1375 2239 1427 2273 At
1453 2239 1519 2272 hoc

171 2301 330 2336 statuere
358 2302 479 2338 verbis
507 2296 620 2347 ipsius
648 2302 787 2338 Paridis
815 2303 996 2338 vetamur:

334 2367 381 2400 17
411 2365 574 2411 Namque
603 2377 669 2411 ego
698 2366 818 2402 divino
845 2366 998 2410 monitu,
1026 2377 1070 2400 ne
1095 2367 1214 2401 nescia
1240 2377 1365 2411 pecces

451 2428 622 2465 Advehor
638 2459 646 2466 .
664 2457 672 2465 .
690 2456 698 2466 .
798 2460 805 2465 .

278 2493 442 2538 Itemque
470 2505 595 2529 versus
625 2495 673 2529 29
690 2505 740 2539 sq.
770 2495 877 2539 atque
900 2493 995 2538 XVI,
1020 2495 1122 2529 3-6
1148 2493 1348 2529 luculenter
1376 2494 1521 2530 demon-
