1745 2813
719 117 978 155 ..43-

278 226 417 262 Deinde
457 226 552 273 quod
584 237 711 262 versus
748 226 955 261 147—154
989 224 1158 261 delendos
1192 236 1271 261 esse
1303 224 1525 260 existimavit

170 292 381 338 Diltheyus,
413 304 540 327 verum
571 290 764 336 perspexit.
814 290 874 325 An
906 301 978 326 non
1011 292 1068 326 est
1097 290 1290 326 admodum
1317 290 1524 334 molestum,

172 357 268 402 quod
300 357 368 392 hoc
402 356 481 391 loco
514 353 688 390 Acontius
721 355 908 399 tamquam
940 353 1155 389 furibundus
1191 354 1385 389 clamorem
1415 353 1524 397 tollit,

168 433 250 457 cum
276 421 315 455 in
341 419 513 466 proximis
540 418 720 464 versibus,
757 419 794 454 et
824 418 887 464 qui
913 418 1131 454 antecedunt
1159 420 1196 453 et
1223 418 1285 463 qui
1313 420 1521 463 sequuntur,

169 484 299 530 quibus
338 482 491 518 eundem
528 482 745 528 alloquitur,
783 482 899 518 multo
931 481 1210 517 moderatiorem
1246 493 1284 516 se
1322 482 1520 527 praebeat?

168 543 289 593 Atque
312 548 391 593 ipsa
412 547 525 583 verba
545 547 662 583 insani
683 546 838 583 hominis
861 558 939 582 esse
961 547 1150 582 videntur„
1185 546 1283 582 Dicit
1312 547 1386 582 158
1410 542 1521 590 ‘post-

171 611 276 646 modo
306 611 337 646 si
363 611 473 647 facies
501 611 613 657 istud,
642 611 787 647 adulter
814 607 915 656 eris'3
949 622 1012 646 cur
1038 610 1151 656 igitur
1179 613 1257 645 tum
1284 610 1403 655 ipsum
1430 609 1523 645 desi-

169 678 244 712 stat
271 676 400 722 facere,
429 677 523 722 quod
545 677 735 722 postmodo
758 676 903 712 demum
927 687 999 711 non
1021 675 1093 710 iam
1116 675 1248 711 liceat?
1292 674 1341 710 Et
1362 674 1524 721 graviter

169 740 381 776 offendimus
414 741 452 776 in
484 753 527 776 ea
559 752 615 787 re,
648 741 744 786 quod
776 742 935 776 amatam
969 752 1072 775 suam
1105 739 1269 774 nominat
1305 750 1397 783 rem,
1430 750 1521 783 quae

170 816 275 839 suum
308 805 441 841 habeat
474 805 674 851 dominum,
706 805 802 852 quod
835 805 979 851 quidem
1013 804 1239 840 enuntiatum
1272 815 1295 838 a
1324 802 1412 838 iuris
1440 813 1521 838 con-

173 870 351 904 sultorum
379 881 541 905 sermone
569 871 725 906 colorem
753 870 864 905 duxit.
909 870 1030 915 Atque
1054 868 1226 915 frigidum
1254 870 1351 903 certe
1374 878 1524 903 acumen

171 934 237 979 est,
262 945 331 979 quo
349 929 455 981 (151,
477 928 582 983 152),
605 935 647 969 ut
668 934 802 970 iterum
825 933 931 979 iuret,
954 935 1114 968 amatam
1142 943 1366 968 commovere
1390 931 1521 967 studet.

276 1019 438 1065 Denique
482 1031 607 1055 versus
653 1021 739 1066 163,
777 1021 851 1055 164
893 1019 1033 1065 spurios
1073 1030 1151 1054 esse
1191 1019 1341 1054 censuit.
1399 1018 1448 1053 Et
1481 1029 1520 1052 re

169 1095 256 1119 vera
282 1084 387 1129 plane
417 1084 570 1118 distorta
603 1085 657 1119 est
689 1084 753 1118 illa
780 1083 967 1129 cogitatio,
1003 1083 1065 1128 qui
1092 1083 1187 1118 enim
1216 1083 1288 1117 iam
1307 1083 1361 1118 'de
1389 1084 1521 1118 eventu

168 1149 290 1193 potest
316 1147 395 1192 dici,
423 1158 504 1182 cum
531 1147 689 1182 nondum
715 1149 836 1193 pater,
864 1147 1023 1182 nondum
1049 1147 1125 1182 filia
1151 1146 1329 1192 promissa
1357 1148 1422 1181 aut
1448 1147 1520 1181 fre·

169 1202 294 1256 gerint‘
316 1213 381 1248 aut
408 1211 606 1246 solverint?

276 1295 318 1331 In
348 1296 466 1331 Herus
499 1298 622 1332 autem
655 1296 811 1341 epistula
842 1308 923 1331 cum
950 1296 1248 1340 interpolatorum
1275 1295 1522 1331 additamenta

169 1361 348 1406 extirpare
388 1360 590 1404 studerent,
629 1362 667 1395 et
704 1360 877 1395 Lehrsius
916 1356 957 1408 (1.
986 1372 1013 1396 c.
1042 1373 1075 1405 p.
1106 1361 1154 1395 56
1185 1355 1252 1407 sq.)
1287 1362 1324 1394 et
1359 1359 1520 1394 Rohdius

170 1421 319 1473 (griech.
342 1425 483 1459 Roman
510 1437 543 1469 p.
564 1425 638 1460 135
663 1437 698 1461 n.
722 1420 764 1473 2)
792 1425 926 1460 iustum
956 1424 1101 1460 modum
1129 1423 1315 1459 transiisse
1343 1423 1521 1459 videntur.

168 1490 293 1535 Neque
320 1501 406 1524 vero
434 1489 699 1524 immorandum
732 1488 836 1524 nobis
864 1500 943 1523 esse
971 1500 1097 1523 censeo
1126 1488 1164 1522 in
1192 1499 1316 1523 eorum
1345 1488 1520 1533 scrupulis

168 1553 346 1589 tollendis.
402 1552 581 1588 Videntur
614 1553 652 1587 in
685 1564 728 1588 ea
760 1552 989 1597 potissimum
1023 1564 1061 1587 re
1090 1552 1265 1597 haesisse,
1299 1552 1395 1596 quod
1422 1551 1521 1586 Hero

169 1619 325 1663 veretur,
351 1627 396 1651 ne
425 1616 497 1651 alia
518 1617 641 1661 puella
662 1617 708 1651 ab
731 1617 810 1661 ipsa
832 1616 1092 1651 abalienaverit
1113 1616 1231 1650 virum
1255 1617 1426 1650 amatum.
1472 1616 1523 1649 At

168 1692 287 1716 nonne
324 1680 392 1715 hoc
430 1680 707 1715 usitatissimum
741 1679 860 1716 Ovidii
901 1680 1137 1725 epistularum
1169 1682 1423 1726 argumentum
1456 1681 1522 1724 est,

169 1744 279 1790 quod,
313 1744 514 1788 ubicunque
547 1743 626 1778 fieri
657 1746 817 1789 poterat,
850 1744 992 1789 longius
1027 1746 1091 1778 aut
1123 1744 1268 1778 brevius
1304 1743 1521 1789 explicavit?

170 1808 276 1843 Haud
315 1807 448 1843 inculte
483 1807 609 1842 anxius
644 1807 888 1853 sollicitusque
924 1807 1043 1842 Herus
1077 1818 1185 1843 amor>
1210 1807 1262 1842 ita
1296 1807 1521 1853 describitur,

169 1884 251 1908 cum
283 1873 389 1907 modo
422 1873 464 1906 ut
495 1871 619 1907 veniat
651 1871 712 1906 ille
748 1883 856 1917 quam
884 1872 1084 1917 celerrime,
1117 1872 1223 1907 modo
1251 1884 1297 1907 ne
1323 1872 1430 1907 nimis
1458 1883 1520 1907 au-

170 1936 292 1971 dacter
321 1937 449 1971 subeat
473 1935 599 1971 mortis
623 1935 792 1981 pericula,
821 1937 934 1981 optat,
963 1938 1071 1981 atque
1093 1935 1200 1971 modo
1223 1936 1392 1971 audaciae
1415 1936 1521 1972 modo

169 1999 353 2035 tarditatis
392 2001 429 2034 et
466 1998 717 2045 neglegentiae
757 2010 840 2033 eum
877 2001 1031 2038 accusat,
1091 1999 1211 2045 Atque
1250 2000 1342 2034 tales
1378 2011 1520 2046 quoque

169 2064 266 2099 locos
293 2063 348 2097 illi
375 2063 419 2098 de
447 2063 563 2097 medio
590 2062 673 2098 tolli
699 2063 901 2099 voluerunt.

278 2147 472 2183 Sedtamen
498 2147 637 2183 Rohdio
670 2148 935 2184 concedendum
968 2149 1024 2183 est
1051 2159 1177 2183 versus
1206 2149 1241 2193 3,
1259 2149 1282 2182 4
1311 2149 1349 2183 et
1377 2149 1438 2192 85,
1457 2150 1520 2194 86,

169 2213 263 2256 illos,
291 2211 386 2257 quod
413 2213 521 2247 tenue
549 2213 692 2247 tantum
720 2213 758 2247 et
785 2212 876 2247 exile
904 2212 1089 2248 continent
1112 2223 1235 2247 eorum
1257 2214 1520 2257 argumentum,

170 2287 262 2321 quae
294 2276 466 2321 proximis
499 2275 662 2311 versibus
690 2275 806 2311 fusius
834 2278 872 2312 et
899 2276 1019 2321 aptius
1048 2278 1276 2320 enarrantur,
1310 2277 1392 2320 hos,
1425 2277 1521 2322 quod

169 2352 242 2376 non
269 2340 375 2376 modo
404 2337 524 2376 ‘nimis
551 2337 766 2385 quaesitam'
796 2335 866 2389 (ita
888 2337 1029 2389 Loers.)
1053 2340 1116 2375 sed
1137 2340 1292 2376 alienam
1314 2352 1336 2375 a
1356 2341 1521 2385 proxima

172 2405 352 2440 sententia
379 2405 554 2449 praebent
581 2404 846 2450 cogitationem,
874 2416 966 2449 quae
995 2404 1168 2449 optimam
1195 2405 1321 2439 turbat
1348 2405 1521 2440 orationis

170 2468 470 2514 perpetuitatem,
499 2469 663 2514 apertam
689 2467 983 2515 interpolamenti
1011 2468 1163 2514 speciem
1190 2479 1278 2514 prae
1306 2480 1344 2504 se
1371 2468 1477 2505 ferre.
