1745 2813
654 114 974 173 '-47—

171 258 282 284 necne
310 246 550 283 dubitandum
578 247 650 290 est,
683 243 853 290 quoniam
879 255 995 297 neque
1022 230 1240 279 necessarios
1268 255 1330 279 eos
1359 254 1436 278 esse
1465 242 1525 277 de-

172 312 375 356 monstrari,
403 321 530 356 neque,
558 309 620 354 qui
647 308 784 344 factum
807 308 865 357 sit,
894 310 935 343 ut
957 308 1161 353 exciderint,
1189 309 1279 343 satis
1300 307 1526 353 probabilem

171 375 215 410 in·
231 375 378 411 modum
400 373 527 409 coniiei
548 373 679 418 potest.
725 371 919 407 Sedtamen
941 371 1110 416 quoniam
1131 371 1287 406 codicem
1311 370 1524 415 Guelferby-

171 441 298 474 tanum
331 438 377 473 ab
405 437 478 472 illis
509 436 674 472 versibus
702 435 883 480 insiticiis,
916 435 979 481 qui
1006 447 1050 470 ex
1077 436 1193 471 altera
1220 435 1288 469 ina>
1311 435 1526 477 recensione,

172 513 279 547 quam
306 502 349 538 Ε.
371 502 637 546 repraesentat,
665 499 811 534 fluxisse
839 499 1017 544 videntur,
1045 499 1241 534 immunem
1268 509 1347 533 esse
1376 501 1526 541 constat,

173 565 327 600 fortasse
350 566 417 600 hoc
445 576 585 610 quoque
608 565 685 599 loco
710 564 858 610 genuini
880 575 1005 599 versus
1028 564 1163 599 servati
1187 565 1287 608 sunt3
1315 565 1424 607 atque
1447 573 1528 596 eum

172 628 329 673 perbene
363 629 447 663 ante
480 640 514 664 v.
539 629 586 664 21
617 628 702 673 poni
728 627 886 673 possint,
919 627 979 663 vix
1007 638 1115 662 causa
1142 629 1213 672 est,
1246 638 1310 661 cur
1337 637 1409 660 non
1437 625 1524 659 reei-

165 683 331 737 piantur.

279 757 444 803 Itemque
479 757 568 793 duos
601 758 714 803 locos,
754 769 844 803 quos
878 757 999 792 omisit
1032 757 1252 800 Puteaneus,
1292 756 1529 790 servaverunt

174 832 297 856 omnes
325 821 450 856 relicui
477 822 561 856 libri
588 822 650 866 IX,
672 823 744 857 147
765 833 817 867 sq.
840 824 878 856 et
898 821 996 866 XIV,
1016 822 1077 865 62,
1098 822 1172 856 113
1192 831 1244 866 sq.

280 884 406 930 Neque
433 897 519 921 vero
547 886 591 921 de
618 886 783 921 versibus
806 886 867 931 IX,
887 886 1109 930 147—152,
1138 895 1227 930 quos
1256 884 1393 919 incuria
1418 884 1527 919 libra-

173 948 310 983 riorum
332 948 620 986 homoeoteleuto
642 950 874 996 deceptorum
891 950 928 985 in
945 949 1128 985 Puteaneo
1147 949 1298 984 omissos
1315 959 1393 984 esse
1415 949 1527 993 patet,

173 1024 287 1058 neque
315 1013 359 1047 de
387 1013 481 1058 XIV,
508 1026 542 1050 v,
571 1016 618 1050 62
649 1016 686 1049 et
717 1016 803 1058 113,
828 1016 915 1059 114,
944 1014 987 1049 de
1016 1014 1145 1059 quibus
1172 1014 1357 1058 praeclare
1386 1013 1527 1048 loeutus

174 1079 230 1112 est
257 1076 342 1113 Luc.
365 1077 539 1112 Mffllerus
575 1074 636 1126 (de
670 1089 709 1113 re
737 1078 887 1113 metrica
913 1080 1007 1123 poet.
1031 1077 1072 1113 L.
1095 1090 1129 1123 p.
1153 1079 1202 1112 45
1229 1074 1316 1125 sq.),
1351 1077 1527 1122 ampliora

173 1141 276 1175 nobis
305 1140 469 1176 addenda
496 1143 589 1177 sunt.

809 1224 888 1271 §2

282 1299 352 1336 Sed
380 1300 491 1336 etiam
518 1300 661 1347 longius
688 1301 858 1347 progredi
884 1312 950 1337 nos
978 1312 1083 1347 posse
1111 1303 1199 1347 puto
1229 1301 1297 1345 ita,
1329 1304 1370 1337 ut
1397 1302 1454 1337 vel
1483 1313 1527 1336 ex

174 1365 276 1399 libris
310 1365 548 1400 deterioribus
582 1368 618 1401 et
653 1366 910 1401 recentioribus
939 1368 1047 1411 atque
1075 1367 1184 1402 etiam
1213 1379 1256 1401 ex
1284 1366 1372 1411 ipsis
1400 1366 1526 1410 primis

175 1428 391 1464 editionibus
418 1440 545 1465 versus
575 1431 616 1464 ut
642 1430 817 1475 genuinos
846 1429 1071 1475 recipiamus.

281 1493 331 1528 Et
367 1494 434 1528 hoe
473 1494 551 1529 loco
591 1493 635 1529 de
673 1494 786 1529 initiis
825 1505 966 1541 quoque
1006 1494 1242 1540 epistularum
1281 1494 1527 1530 disserendum

174 1556 278 1592 nobis
307 1558 372 1592 est.

283 1621 374 1657 Cum
410 1622 504 1657 enim
534 1622 572 1657 in
600 1622 745 1667 optimis
773 1622 953 1658 codicibus
981 1623 1163 1658 nonnullis
1192 1625 1335 1658 tantum
1362 1623 1528 1668 epistulis

176 1685 355 1721 addantur
387 1686 506 1731 initia,
540 1686 669 1732 quibus
703 1687 897 1732 indicatur,
932 1698 954 1721 a
986 1698 1140 1732 quanam
1173 1687 1308 1721 femina
1341 1687 1386 1722 ad
1422 1699 1528 1733 quem

174 1750 321 1785 heroem
349 1750 479 1787 dentur
506 1751 667 1796 litterae,
695 1751 788 1787 tales
817 1762 943 1787 versus
971 1752 1008 1786 in
1036 1751 1296 1790 recentioribus
1324 1752 1426 1787 libris
1454 1763 1528 1786 om-

175 1814 280 1849 nibus
309 1815 474 1860 epistulis
501 1815 758 1860 praefiguntur.
808 1815 928 1860 Atque
957 1817 1051 1859 sunt,
1079 1816 1141 1861 qui
1169 1816 1255 1850 haec
1283 1816 1438 1850 disticha
1465 1818 1530 1850 aut

176 1878 295 1914 omnia
328 1880 392 1914 aut
425 1880 582 1924 plurima
615 1879 771 1926 genuina
803 1879 931 1914 haberi
963 1879 1077 1915 velint
1085 1876 1115 1928 ¹)
1150 1881 1214 1915 aut
1246 1881 1343 1915 certe
1376 1880 1413 1914 in
1440 1890 1526 1914 una-

176 1954 316 1987 quaque
350 1944 507 1987 epistula
539 1945 742 1979 necessaria
765 1955 853 1994 ,esse
885 1944 988 1979 initia
1015 1944 1080 1978 illa
1106 1943 1241 1988 dicant,
1276 1944 1338 1978 alii
1367 1945 1528 1979 codicum

177 2006 392 2041 auctoritate
420 2007 491 2042 nisi
519 2002 648 2052 omnia,
677 2019 769 2054 quae
796 2019 866 2043 non
893 2008 965 2043 sint
986 2008 1023 2041 in
1045 2007 1163 2042 codiee
1185 2007 1379 2051 PuteaneO,
1409 2008 1528 2061 omitti

176 2070 312 2106 volunt.
368 2070 531 2106 Primum
559 2071 703 2117 quidem
730 2072 791 2107 vix
819 2071 1057 2117 intellegitur,
1086 2071 1147 2117 qui
1174 2070 1252 2106 fieri
1278 2070 1453 2116 potuerit,
1487 2075 1529 2107 ut

175 2135 254 2180 ipsa
293 2135 529 2180 epistularum
567 2136 671 2171 initia
706 2148 728 2171 a
763 2135 920 2172 librarfis
956 2136 1217 2171 omitterentur.
1277 2136 1402 2182 Neque
1436 2148 1528 2182 quae

176 2199 283 2234 affert
304 2199 490 2235 Vahlenus
519 2195 560 2246 (l.
577 2211 606 2235 c.
622 2212 657 2245 p.
677 2195 756 2249 35),
784 2202 826 2235 ut
853 2200 944 2235 illud
969 2200 1128 2235 illustret
1151 2195 1422 2247 (‘vermuthlich
1445 2201 1528 2235 weil

176 2263 240 2299 der
262 2264 379 2299 Raum
401 2277 443 2299 zu
471 2264 793 2310 kalligraphischer
814 2248 1052 2310 Ausi'fihrimg
1074 2264 1139 2299 der
1160 2264 1271 2299 Verse
1293 2264 1528 2309 freigelassen

181 2322 299 2375 war'),
318 2328 406 2362 satis
425 2328 629 2372 probabilia
645 2328 823 2372 videntur,
845 2339 917 2363 non
934 2339 1003 2372 quo
1021 2328 1059 2362 in
1078 2327 1256 2362 codicibus
1273 2328 1528 2363 vetustissimis

269 2441 300 2481 1)
324 2440 365 2472 cf.
383 2440 609 2473 Lindemanni
625 2440 730 2472 editio
748 2439 974 2482 aliorumque;
992 2440 1021 2473 J.
1041 2440 1184 2481 Vahlen,
1200 2440 1283 2473 iiber
1298 2439 1355 2472 die
1373 2440 1529 2484 Anffinge

176 2491 237 2524 der
258 2493 427 2525 Heroiden
452 2493 510 2525 des
534 2493 621 2526 Ovid
644 2493 894 2537 (Berol.·1881).
