<?xml version="1.0" encoding="UTF-8"?>
<!DOCTYPE html PUBLIC "-//W3C//DTD XHTML 1.0 Transitional//EN"
    "http://www.w3.org/TR/xhtml1/DTD/xhtml1-transitional.dtd">
<html xmlns="http://www.w3.org/1999/xhtml" xml:lang="en" lang="en">
 <head>
  <title>
</title>
<meta http-equiv="Content-Type" content="text/html;charset=utf-8" />
  <meta name='ocr-system' content='tesseract 3.04.00' />
  <meta name='ocr-capabilities' content='ocr_page ocr_carea ocr_par ocr_line ocrx_word'/>
</head>
<body>
  <div class='ocr_page' id='page_1' title='image "4737333_0082.png"; bbox 0 0 1745 2813; ppageno 0'>
   <div class='ocr_carea' id='block_1_1' title="bbox 703 139 964 180">
    <p class='ocr_par' dir='ltr' id='par_1_1' title="bbox 703 139 964 180">
     <span class='ocr_line' id='line_1_1' title="bbox 703 139 964 180; baseline 0.004 -12"><span class='ocrx_word' id='word_1_1' title='bbox 703 139 964 180; x_wconf 82' lang='lat'><strong>—64-·</strong></span> 
     </span>
    </p>
   </div>
   <div class='ocr_carea' id='block_1_2' title="bbox 142 248 1525 2223">
    <p class='ocr_par' dir='ltr' id='par_1_2' title="bbox 142 248 1525 2223">
     <span class='ocr_line' id='line_1_2' title="bbox 146 248 1122 295; baseline 0.003 -12"><span class='ocrx_word' id='word_1_2' title='bbox 146 248 200 286; x_wconf 83' lang='lat' dir='ltr'><strong>Cf.</strong></span> <span class='ocrx_word' id='word_1_3' title='bbox 219 249 315 295; x_wconf 89' lang='lat' dir='ltr'>XVI,</span> <span class='ocrx_word' id='word_1_4' title='bbox 338 251 412 285; x_wconf 89' lang='lat'><strong>115</strong></span> <span class='ocrx_word' id='word_1_5' title='bbox 513 277 521 285; x_wconf 90' lang='lat'><strong>.</strong></span> <span class='ocrx_word' id='word_1_6' title='bbox 539 277 547 285; x_wconf 91' lang='lat'><strong>.</strong></span> <span class='ocrx_word' id='word_1_7' title='bbox 567 278 577 287; x_wconf 88' lang='lat'>.</span> <span class='ocrx_word' id='word_1_8' title='bbox 595 252 632 285; x_wconf 88' lang='lat' dir='ltr'><strong>et</strong></span> <span class='ocrx_word' id='word_1_9' title='bbox 659 251 698 285; x_wconf 91' lang='lat' dir='ltr'><strong>in</strong></span> <span class='ocrx_word' id='word_1_10' title='bbox 725 252 821 286; x_wconf 88' lang='lat' dir='ltr'><strong>altae</strong></span> <span class='ocrx_word' id='word_1_11' title='bbox 849 251 1007 287; x_wconf 84' lang='lat' dir='ltr'><strong>vallibus</strong></span> <span class='ocrx_word' id='word_1_12' title='bbox 1036 251 1122 287; x_wconf 87' lang='lat' dir='ltr'><strong>Idae</strong></span> 
     </span>
     <span class='ocr_line' id='line_1_3' title="bbox 450 305 1261 350; baseline 0.001 -2"><span class='ocrx_word' id='word_1_13' title='bbox 450 313 540 349; x_wconf 87' lang='lat' dir='ltr'><strong>Tres</strong></span> <span class='ocrx_word' id='word_1_14' title='bbox 568 314 637 350; x_wconf 87' lang='lat' dir='ltr'><strong>tibi</strong></span> <span class='ocrx_word' id='word_1_15' title='bbox 665 326 704 350; x_wconf 88' lang='lat' dir='ltr'><strong>se</strong></span> <span class='ocrx_word' id='word_1_16' title='bbox 731 314 846 350; x_wconf 84' lang='lat' dir='ltr'><strong>nudas</strong></span> <span class='ocrx_word' id='word_1_17' title='bbox 875 314 1069 350; x_wconf 81' lang='lat' dir='ltr'><strong>exhibuere</strong></span> <span class='ocrx_word' id='word_1_18' title='bbox 1097 313 1195 350; x_wconf 88' lang='lat' dir='ltr'><strong>deae.</strong></span> <span class='ocrx_word' id='word_1_19' title='bbox 1258 305 1261 308; x_wconf 80' lang='lat'>.</span> 
     </span>
     <span class='ocr_line' id='line_1_4' title="bbox 148 377 1399 423; baseline 0 -10"><span class='ocrx_word' id='word_1_20' title='bbox 148 379 185 413; x_wconf 86' lang='lat' dir='ltr'><strong>et</strong></span> <span class='ocrx_word' id='word_1_21' title='bbox 201 377 280 423; x_wconf 93' lang='lat' dir='ltr'><strong>XV,</strong></span> <span class='ocrx_word' id='word_1_22' title='bbox 299 379 349 413; x_wconf 88' lang='lat'><strong>53</strong></span> <span class='ocrx_word' id='word_1_23' title='bbox 444 379 514 414; x_wconf 84' lang='lat' dir='ltr'><strong>Est</strong></span> <span class='ocrx_word' id='word_1_24' title='bbox 541 379 640 414; x_wconf 83' lang='lat' dir='ltr'><strong>locus</strong></span> <span class='ocrx_word' id='word_1_25' title='bbox 668 379 706 413; x_wconf 88' lang='lat' dir='ltr'><strong>in</strong></span> <span class='ocrx_word' id='word_1_26' title='bbox 733 379 861 415; x_wconf 89' lang='lat' dir='ltr'><strong>mediis</strong></span> <span class='ocrx_word' id='word_1_27' title='bbox 888 390 1100 415; x_wconf 76' lang='lat' dir='ltr'><strong>nemorosae</strong></span> <span class='ocrx_word' id='word_1_28' title='bbox 1127 379 1285 415; x_wconf 83' lang='lat' dir='ltr'><strong>vallibus</strong></span> <span class='ocrx_word' id='word_1_29' title='bbox 1313 378 1399 414; x_wconf 89' lang='lat' dir='ltr'><strong>Idae</strong></span> 
     </span>
     <span class='ocr_line' id='line_1_5' title="bbox 299 443 955 489; baseline 0.003 -11"><span class='ocrx_word' id='word_1_30' title='bbox 299 444 349 479; x_wconf 85' lang='lat'><strong>65</strong></span> <span class='ocrx_word' id='word_1_31' title='bbox 447 443 605 489; x_wconf 84' lang='lat' dir='ltr'><strong>Tresque</strong></span> <span class='ocrx_word' id='word_1_32' title='bbox 635 443 744 478; x_wconf 89' lang='lat' dir='ltr'><strong>simul</strong></span> <span class='ocrx_word' id='word_1_33' title='bbox 771 443 875 480; x_wconf 87' lang='lat' dir='ltr'><strong>divae</strong></span> <span class='ocrx_word' id='word_1_34' title='bbox 893 472 902 480; x_wconf 93' lang='lat'><strong>.</strong></span> <span class='ocrx_word' id='word_1_35' title='bbox 919 470 927 479; x_wconf 94' lang='lat'><strong>.</strong></span> <span class='ocrx_word' id='word_1_36' title='bbox 947 472 955 480; x_wconf 91' lang='lat'><strong>.</strong></span> 
     </span>
     <span class='ocr_line' id='line_1_6' title="bbox 146 505 1508 552; baseline 0.001 -11"><span class='ocrx_word' id='word_1_37' title='bbox 146 505 252 548; x_wconf 87' lang='lat' dir='ltr'><strong>Quod</strong></span> <span class='ocrx_word' id='word_1_38' title='bbox 269 507 336 542; x_wconf 89' lang='lat' dir='ltr'><strong>hoc</strong></span> <span class='ocrx_word' id='word_1_39' title='bbox 352 508 430 542; x_wconf 90' lang='lat' dir='ltr'><strong>loco</strong></span> <span class='ocrx_word' id='word_1_40' title='bbox 450 507 566 543; x_wconf 82' lang='lat' dir='ltr'><strong>nudas</strong></span> <span class='ocrx_word' id='word_1_41' title='bbox 584 518 662 543; x_wconf 85' lang='lat' dir='ltr'><strong>sese</strong></span> <span class='ocrx_word' id='word_1_42' title='bbox 682 508 886 543; x_wconf 81' lang='lat' dir='ltr'><strong>exhibuisse</strong></span> <span class='ocrx_word' id='word_1_43' title='bbox 898 507 1021 543; x_wconf 88' lang='lat' dir='ltr'><strong>Paridi</strong></span> <span class='ocrx_word' id='word_1_44' title='bbox 1037 507 1123 543; x_wconf 83' lang='lat' dir='ltr'><strong>deas</strong></span> <span class='ocrx_word' id='word_1_45' title='bbox 1141 507 1229 543; x_wconf 87' lang='lat' dir='ltr'><strong>dicit</strong></span> <span class='ocrx_word' id='word_1_46' title='bbox 1239 507 1389 552; x_wconf 86' lang='lat' dir='ltr'><strong>Helena,</strong></span> <span class='ocrx_word' id='word_1_47' title='bbox 1405 506 1508 542; x_wconf 87' lang='lat' dir='ltr'><strong>Paris</strong></span> 
     </span>
     <span class='ocr_line' id='line_1_7' title="bbox 148 571 1525 622; baseline 0.001 -17"><span class='ocrx_word' id='word_1_48' title='bbox 148 582 221 606; x_wconf 92' lang='lat' dir='ltr'><strong>non</strong></span> <span class='ocrx_word' id='word_1_49' title='bbox 248 571 347 616; x_wconf 89' lang='lat' dir='ltr'><strong>item,</strong></span> <span class='ocrx_word' id='word_1_50' title='bbox 375 571 442 607; x_wconf 92' lang='lat' dir='ltr'><strong>hoc</strong></span> <span class='ocrx_word' id='word_1_51' title='bbox 470 571 551 607; x_wconf 88' lang='lat' dir='ltr'><strong>ideo</strong></span> <span class='ocrx_word' id='word_1_52' title='bbox 579 583 652 607; x_wconf 90' lang='lat' dir='ltr'><strong>non</strong></span> <span class='ocrx_word' id='word_1_53' title='bbox 679 572 733 608; x_wconf 87' lang='lat' dir='ltr'><strong>ita</strong></span> <span class='ocrx_word' id='word_1_54' title='bbox 760 572 962 618; x_wconf 88' lang='lat' dir='ltr'><strong>urgendum</strong></span> <span class='ocrx_word' id='word_1_55' title='bbox 985 574 1052 617; x_wconf 87' lang='lat' dir='ltr'><strong>est,</strong></span> <span class='ocrx_word' id='word_1_56' title='bbox 1080 572 1176 617; x_wconf 89' lang='lat' dir='ltr'><strong>quod</strong></span> <span class='ocrx_word' id='word_1_57' title='bbox 1197 574 1307 618; x_wconf 86' lang='lat' dir='ltr'><strong>poeta</strong></span> <span class='ocrx_word' id='word_1_58' title='bbox 1322 573 1418 607; x_wconf 87' lang='lat' dir='ltr'><strong>certe</strong></span> <span class='ocrx_word' id='word_1_59' title='bbox 1435 582 1525 622; x_wconf 46' lang='lat' dir='ltr'><strong>non-</strong></span> 
     </span>
     <span class='ocr_line' id='line_1_8' title="bbox 144 634 1504 684; baseline 0.002 -17"><span class='ocrx_word' id='word_1_60' title='bbox 144 645 252 668; x_wconf 89' lang='lat' dir='ltr'><strong>unam</strong></span> <span class='ocrx_word' id='word_1_61' title='bbox 277 634 420 669; x_wconf 84' lang='lat' dir='ltr'><strong>Paridis</strong></span> <span class='ocrx_word' id='word_1_62' title='bbox 443 635 648 684; x_wconf 75' lang='lat' dir='ltr'><strong>epistulam,</strong></span> <span class='ocrx_word' id='word_1_63' title='bbox 672 636 735 671; x_wconf 87' lang='lat' dir='ltr'><strong>sed</strong></span> <span class='ocrx_word' id='word_1_64' title='bbox 759 635 878 672; x_wconf 86' lang='lat' dir='ltr'><strong>Ovidii</strong></span> <span class='ocrx_word' id='word_1_65' title='bbox 900 647 1041 681; x_wconf 91' lang='lat' dir='ltr'><strong>quoque</strong></span> <span class='ocrx_word' id='word_1_66' title='bbox 1064 635 1158 671; x_wconf 89' lang='lat' dir='ltr'><strong>hunc</strong></span> <span class='ocrx_word' id='word_1_67' title='bbox 1179 636 1297 671; x_wconf 90' lang='lat' dir='ltr'><strong>locum</strong></span> <span class='ocrx_word' id='word_1_68' title='bbox 1321 647 1374 680; x_wconf 89' lang='lat' dir='ltr'><strong>ep.</strong></span> <span class='ocrx_word' id='word_1_69' title='bbox 1393 635 1437 679; x_wconf 88' lang='lat' dir='ltr'><strong>V,</strong></span> <span class='ocrx_word' id='word_1_70' title='bbox 1456 636 1504 670; x_wconf 89' lang='grc'><strong>36</strong></span> 
     </span>
     <span class='ocr_line' id='line_1_9' title="bbox 364 698 1265 735; baseline 0.001 -2"><span class='ocrx_word' id='word_1_71' title='bbox 364 698 475 734; x_wconf 81' lang='lat' dir='ltr'><strong>Venit</strong></span> <span class='ocrx_word' id='word_1_72' title='bbox 512 699 551 734; x_wconf 91' lang='lat' dir='ltr'><strong>in</strong></span> <span class='ocrx_word' id='word_1_73' title='bbox 589 700 782 735; x_wconf 82' lang='lat' dir='ltr'><strong>arbitrium</strong></span> <span class='ocrx_word' id='word_1_74' title='bbox 819 699 917 734; x_wconf 87' lang='lat' dir='ltr'><strong>nuda</strong></span> <span class='ocrx_word' id='word_1_75' title='bbox 953 699 1117 735; x_wconf 87' lang='lat' dir='ltr'><strong>Minerva</strong></span> <span class='ocrx_word' id='word_1_76' title='bbox 1160 701 1265 735; x_wconf 91' lang='lat' dir='ltr'><strong>tuum</strong></span> 
     </span>
     <span class='ocr_line' id='line_1_10' title="bbox 145 759 1239 811; baseline 0.003 -16"><span class='ocrx_word' id='word_1_77' title='bbox 145 761 308 806; x_wconf 89' lang='lat' dir='ltr'><strong>aliosque</strong></span> <span class='ocrx_word' id='word_1_78' title='bbox 338 762 475 798; x_wconf 85' lang='lat' dir='ltr'><strong>similes</strong></span> <span class='ocrx_word' id='word_1_79' title='bbox 503 765 694 808; x_wconf 88' lang='lat' dir='ltr'><strong>poetarum</strong></span> <span class='ocrx_word' id='word_1_80' title='bbox 721 764 818 798; x_wconf 88' lang='lat' dir='ltr'><strong>locos</strong></span> <span class='ocrx_word' id='word_1_81' title='bbox 846 764 884 798; x_wconf 93' lang='lat' dir='ltr'><strong>in</strong></span> <span class='ocrx_word' id='word_1_82' title='bbox 911 763 1031 798; x_wconf 90' lang='lat' dir='ltr'><strong>animo</strong></span> <span class='ocrx_word' id='word_1_83' title='bbox 1059 763 1189 798; x_wconf 85' lang='lat' dir='ltr'><strong>habuit</strong></span> <span class='ocrx_word' id='word_1_84' title='bbox 1197 759 1239 811; x_wconf 88' lang='lat' dir='ltr'><strong>l).</strong></span> 
     </span>
     <span class='ocr_line' id='line_1_11' title="bbox 253 825 1505 873; baseline 0 -12"><span class='ocrx_word' id='word_1_85' title='bbox 253 826 392 862; x_wconf 87' lang='lat' dir='ltr'><strong>Deinde</strong></span> <span class='ocrx_word' id='word_1_86' title='bbox 421 838 549 863; x_wconf 85' lang='lat' dir='ltr'><strong>versus</strong></span> <span class='ocrx_word' id='word_1_87' title='bbox 573 827 670 873; x_wconf 85' lang='lat' dir='ltr'>XVI,</span> <span class='ocrx_word' id='word_1_88' title='bbox 691 830 766 863; x_wconf 82' lang='grc'><strong>117</strong></span> <span class='ocrx_word' id='word_1_89' title='bbox 781 839 832 873; x_wconf 84' lang='lat' dir='ltr'><strong>sq.</strong></span> <span class='ocrx_word' id='word_1_90' title='bbox 862 829 1024 873; x_wconf 88' lang='lat' dir='ltr'><strong>spectare</strong></span> <span class='ocrx_word' id='word_1_91' title='bbox 1053 827 1099 862; x_wconf 91' lang='lat' dir='ltr'><strong>ad</strong></span> <span class='ocrx_word' id='word_1_92' title='bbox 1127 826 1204 872; x_wconf 90' lang='lat' dir='ltr'><strong>XV,</strong></span> <span class='ocrx_word' id='word_1_93' title='bbox 1223 828 1270 862; x_wconf 88' lang='lat'><strong>81</strong></span> <span class='ocrx_word' id='word_1_94' title='bbox 1287 838 1337 872; x_wconf 91' lang='lat' dir='ltr'><strong>sq.</strong></span> <span class='ocrx_word' id='word_1_95' title='bbox 1365 837 1437 861; x_wconf 91' lang='lat' dir='ltr'><strong>non</strong></span> <span class='ocrx_word' id='word_1_96' title='bbox 1460 825 1505 861; x_wconf 85' lang='lat' dir='ltr'><strong>ad</strong></span> 
     </span>
     <span class='ocr_line' id='line_1_12' title="bbox 146 876 1331 936; baseline 0.006 -13"><span class='ocrx_word' id='word_1_97' title='bbox 146 889 224 934; x_wconf 90' lang='lat' dir='ltr'><strong>XV,</strong></span> <span class='ocrx_word' id='word_1_98' title='bbox 245 892 320 926; x_wconf 88' lang='lat'><strong>163</strong></span> <span class='ocrx_word' id='word_1_99' title='bbox 334 902 385 936; x_wconf 89' lang='lat' dir='ltr'><strong>sq.</strong></span> <span class='ocrx_word' id='word_1_100' title='bbox 415 894 582 936; x_wconf 84' lang='lat' dir='ltr'><strong>apparet:</strong></span> <span class='ocrx_word' id='word_1_101' title='bbox 1323 876 1331 881; x_wconf 46' lang='lat'>-</span> 
     </span>
     <span class='ocr_line' id='line_1_13' title="bbox 145 952 1467 1001; baseline 0.002 -14"><span class='ocrx_word' id='word_1_102' title='bbox 145 952 242 998; x_wconf 90' lang='lat' dir='ltr'>XVI,</span> <span class='ocrx_word' id='word_1_103' title='bbox 265 956 340 990; x_wconf 84' lang='grc'><strong>117</strong></span> <span class='ocrx_word' id='word_1_104' title='bbox 355 966 404 999; x_wconf 88' lang='lat' dir='ltr'><strong>sq.</strong></span> <span class='ocrx_word' id='word_1_105' title='bbox 436 954 586 1000; x_wconf 90' lang='lat' dir='ltr'><strong>Unaque</strong></span> <span class='ocrx_word' id='word_1_106' title='bbox 615 953 696 991; x_wconf 79' lang='lat' dir='ltr'><strong>cum</strong></span> <span class='ocrx_word' id='word_1_107' title='bbox 724 966 892 1001; x_wconf 84' lang='lat' dir='ltr'><strong>regnum,</strong></span> <span class='ocrx_word' id='word_1_108' title='bbox 921 954 1009 989; x_wconf 89' lang='lat' dir='ltr'><strong>belli</strong></span> <span class='ocrx_word' id='word_1_109' title='bbox 1036 954 1141 990; x_wconf 86' lang='lat' dir='ltr'><strong>daret</strong></span> <span class='ocrx_word' id='word_1_110' title='bbox 1168 954 1286 989; x_wconf 84' lang='lat' dir='ltr'><strong>altera</strong></span> <span class='ocrx_word' id='word_1_111' title='bbox 1312 954 1467 1000; x_wconf 87' lang='lat' dir='ltr'><strong>laudem,</strong></span> 
     </span>
     <span class='ocr_line' id='line_1_14' title="bbox 437 1015 1247 1064; baseline 0 -11"><span class='ocrx_word' id='word_1_112' title='bbox 437 1015 671 1064; x_wconf 77' lang='lat' dir='ltr'><strong>‘Tyndaridis</strong></span> <span class='ocrx_word' id='word_1_113' title='bbox 700 1016 853 1064; x_wconf 86' lang='lat' dir='ltr'><strong>coniux&#39;,</strong></span> <span class='ocrx_word' id='word_1_114' title='bbox 880 1019 991 1054; x_wconf 88' lang='lat' dir='ltr'><strong>tertia</strong></span> <span class='ocrx_word' id='word_1_115' title='bbox 1018 1019 1109 1054; x_wconf 88' lang='lat' dir='ltr'><strong>dixit</strong></span> <span class='ocrx_word' id='word_1_116' title='bbox 1137 1015 1247 1064; x_wconf 77' lang='lat' dir='ltr'><strong>‘eris&#39;,</strong></span> 
     </span>
     <span class='ocr_line' id='line_1_15' title="bbox 145 1082 1300 1130; baseline 0.003 -15"><span class='ocrx_word' id='word_1_117' title='bbox 145 1084 183 1116; x_wconf 81' lang='lat' dir='ltr'><strong>et</strong></span> <span class='ocrx_word' id='word_1_118' title='bbox 200 1082 277 1127; x_wconf 88' lang='lat' dir='ltr'><strong>XV,</strong></span> <span class='ocrx_word' id='word_1_119' title='bbox 297 1084 344 1117; x_wconf 89' lang='lat'><strong>81</strong></span> <span class='ocrx_word' id='word_1_120' title='bbox 362 1095 415 1128; x_wconf 84' lang='lat' dir='ltr'><strong>sq.</strong></span> <span class='ocrx_word' id='word_1_121' title='bbox 439 1083 565 1130; x_wconf 86' lang='lat' dir='ltr'><strong>Regna</strong></span> <span class='ocrx_word' id='word_1_122' title='bbox 593 1084 689 1120; x_wconf 86' lang='lat' dir='ltr'><strong>Iovis</strong></span> <span class='ocrx_word' id='word_1_123' title='bbox 717 1084 846 1120; x_wconf 84' lang='lat' dir='ltr'><strong>coniux</strong></span> <span class='ocrx_word' id='word_1_124' title='bbox 873 1084 1048 1120; x_wconf 86' lang='lat' dir='ltr'><strong>virtutem</strong></span> <span class='ocrx_word' id='word_1_125' title='bbox 1075 1083 1151 1118; x_wconf 86' lang='lat' dir='ltr'><strong>filia</strong></span> <span class='ocrx_word' id='word_1_126' title='bbox 1178 1083 1300 1119; x_wconf 84' lang='lat' dir='ltr'><strong>iactat.</strong></span> 
     </span>
     <span class='ocr_line' id='line_1_16' title="bbox 514 1147 1080 1193; baseline 0 -10"><span class='ocrx_word' id='word_1_127' title='bbox 514 1176 522 1183; x_wconf 91' lang='lat'><strong>.</strong></span> <span class='ocrx_word' id='word_1_128' title='bbox 542 1177 548 1184; x_wconf 88' lang='lat'><strong>.</strong></span> <span class='ocrx_word' id='word_1_129' title='bbox 567 1176 576 1184; x_wconf 85' lang='lat'><strong>.</strong></span> <span class='ocrx_word' id='word_1_130' title='bbox 594 1150 631 1183; x_wconf 89' lang='lat' dir='ltr'><strong>et</strong></span> <span class='ocrx_word' id='word_1_131' title='bbox 658 1148 831 1193; x_wconf 82' lang='lat' dir='ltr'><strong>pulchrae</strong></span> <span class='ocrx_word' id='word_1_132' title='bbox 858 1148 933 1182; x_wconf 89' lang='lat' dir='ltr'><strong>filia</strong></span> <span class='ocrx_word' id='word_1_133' title='bbox 961 1147 1080 1183; x_wconf 83' lang='lat' dir='ltr'><strong>Ledae</strong></span> 
     </span>
     <span class='ocr_line' id='line_1_17' title="bbox 434 1211 1227 1257; baseline -0.001 -11"><span class='ocrx_word' id='word_1_134' title='bbox 434 1211 509 1247; x_wconf 84' lang='lat' dir='ltr'><strong>Ibit</strong></span> <span class='ocrx_word' id='word_1_135' title='bbox 537 1213 575 1247; x_wconf 90' lang='lat' dir='ltr'><strong>in</strong></span> <span class='ocrx_word' id='word_1_136' title='bbox 602 1213 790 1257; x_wconf 87' lang='lat' dir='ltr'><strong>amplexus</strong></span> <span class='ocrx_word' id='word_1_137' title='bbox 817 1212 1001 1257; x_wconf 83' lang='lat' dir='ltr'><strong>pulchrior</strong></span> <span class='ocrx_word' id='word_1_138' title='bbox 1029 1212 1108 1256; x_wconf 87' lang='lat' dir='ltr'><strong>ipsa</strong></span> <span class='ocrx_word' id='word_1_139' title='bbox 1136 1213 1227 1246; x_wconf 84' lang='lat' dir='ltr'><strong>tuos.</strong></span> 
     </span>
     <span class='ocr_line' id='line_1_18' title="bbox 143 1275 1039 1321; baseline 0.001 -11"><span class='ocrx_word' id='word_1_140' title='bbox 143 1275 298 1310; x_wconf 81' lang='lat' dir='ltr'><strong>Maxime</strong></span> <span class='ocrx_word' id='word_1_141' title='bbox 327 1276 563 1321; x_wconf 89' lang='lat' dir='ltr'><strong>premendum</strong></span> <span class='ocrx_word' id='word_1_142' title='bbox 591 1278 648 1312; x_wconf 85' lang='lat' dir='ltr'><strong>est</strong></span> <span class='ocrx_word' id='word_1_143' title='bbox 675 1287 820 1312; x_wconf 82' lang='lat' dir='ltr'><strong>versum</strong></span> <span class='ocrx_word' id='word_1_144' title='bbox 847 1275 944 1321; x_wconf 92' lang='lat' dir='ltr'>XVI,</span> <span class='ocrx_word' id='word_1_145' title='bbox 966 1277 1039 1311; x_wconf 84' lang='lat'><strong>126</strong></span> 
     </span>
     <span class='ocr_line' id='line_1_19' title="bbox 402 1339 1158 1375; baseline -0.001 -1"><span class='ocrx_word' id='word_1_146' title='bbox 402 1339 601 1375; x_wconf 80' lang='lat' dir='ltr'><strong>Laudatrix</strong></span> <span class='ocrx_word' id='word_1_147' title='bbox 629 1340 752 1375; x_wconf 84' lang='lat' dir='ltr'><strong>Venus</strong></span> <span class='ocrx_word' id='word_1_148' title='bbox 782 1342 838 1375; x_wconf 87' lang='lat' dir='ltr'><strong>est</strong></span> <span class='ocrx_word' id='word_1_149' title='bbox 865 1339 1042 1375; x_wconf 87' lang='lat' dir='ltr'><strong>invidiosa</strong></span> <span class='ocrx_word' id='word_1_150' title='bbox 1069 1339 1158 1374; x_wconf 89' lang='lat' dir='ltr'><strong>mihi</strong></span> 
     </span>
     <span class='ocr_line' id='line_1_20' title="bbox 142 1403 1499 1450; baseline -0.001 -11"><span class='ocrx_word' id='word_1_151' title='bbox 142 1404 323 1449; x_wconf 87' lang='lat' dir='ltr'><strong>pertinere</strong></span> <span class='ocrx_word' id='word_1_152' title='bbox 357 1403 404 1439; x_wconf 87' lang='lat' dir='ltr'><strong>ad</strong></span> <span class='ocrx_word' id='word_1_153' title='bbox 437 1404 550 1440; x_wconf 84' lang='lat' dir='ltr'><strong>verba</strong></span> <span class='ocrx_word' id='word_1_154' title='bbox 583 1416 636 1449; x_wconf 92' lang='lat' dir='ltr'><strong>ep.</strong></span> <span class='ocrx_word' id='word_1_155' title='bbox 660 1405 743 1450; x_wconf 91' lang='lat' dir='ltr'><strong>XV,</strong></span> <span class='ocrx_word' id='word_1_156' title='bbox 784 1416 874 1450; x_wconf 90' lang='lat' dir='ltr'><strong>quae</strong></span> <span class='ocrx_word' id='word_1_157' title='bbox 912 1404 1017 1440; x_wconf 89' lang='lat' dir='ltr'><strong>modo</strong></span> <span class='ocrx_word' id='word_1_158' title='bbox 1050 1404 1251 1440; x_wconf 83' lang='lat' dir='ltr'><strong>citavimus.</strong></span> <span class='ocrx_word' id='word_1_159' title='bbox 1287 1424 1336 1428; x_wconf 97' lang='lat'><strong>—</strong></span> <span class='ocrx_word' id='word_1_160' title='bbox 1372 1403 1499 1439; x_wconf 84' lang='lat' dir='ltr'><strong>Confe-</strong></span> 
     </span>
     <span class='ocr_line' id='line_1_21' title="bbox 144 1468 446 1504; baseline 0.003 -2"><span class='ocrx_word' id='word_1_161' title='bbox 144 1470 272 1504; x_wconf 77' lang='lat' dir='ltr'><strong>rantur</strong></span> <span class='ocrx_word' id='word_1_162' title='bbox 301 1468 446 1504; x_wconf 88' lang='lat' dir='ltr'><strong>deinde:</strong></span> 
     </span>
     <span class='ocr_line' id='line_1_22' title="bbox 146 1533 1101 1579; baseline 0.001 -11"><span class='ocrx_word' id='word_1_163' title='bbox 146 1533 244 1579; x_wconf 92' lang='lat' dir='ltr'>XVI,</span> <span class='ocrx_word' id='word_1_164' title='bbox 265 1535 341 1569; x_wconf 86' lang='lat'>120</span> <span class='ocrx_word' id='word_1_165' title='bbox 406 1533 567 1569; x_wconf 79' lang='lat' dir='ltr'><strong>Arbitrio</strong></span> <span class='ocrx_word' id='word_1_166' title='bbox 595 1533 749 1569; x_wconf 85' lang='lat' dir='ltr'><strong>formam</strong></span> <span class='ocrx_word' id='word_1_167' title='bbox 779 1534 1009 1579; x_wconf 84' lang='lat' dir='ltr'><strong>supposuisse</strong></span> <span class='ocrx_word' id='word_1_168' title='bbox 1036 1535 1101 1576; x_wconf 78' lang='lat' dir='ltr'><strong>,tuo</strong></span> 
     </span>
     <span class='ocr_line' id='line_1_23' title="bbox 143 1597 798 1642; baseline 0.002 -10"><span class='ocrx_word' id='word_1_169' title='bbox 143 1599 180 1633; x_wconf 87' lang='lat' dir='ltr'><strong>et</strong></span> <span class='ocrx_word' id='word_1_170' title='bbox 207 1597 285 1642; x_wconf 94' lang='lat' dir='ltr'>XV,</span> <span class='ocrx_word' id='word_1_171' title='bbox 305 1600 353 1634; x_wconf 91' lang='grc'><strong>69</strong></span> <span class='ocrx_word' id='word_1_172' title='bbox 405 1599 556 1634; x_wconf 85' lang='lat' dir='ltr'><strong>Arbiter</strong></span> <span class='ocrx_word' id='word_1_173' title='bbox 583 1609 621 1634; x_wconf 84' lang='lat' dir='ltr'><strong>es</strong></span> <span class='ocrx_word' id='word_1_174' title='bbox 650 1599 798 1634; x_wconf 86' lang='lat' dir='ltr'><strong>formae.</strong></span> 
     </span>
     <span class='ocr_line' id='line_1_24' title="bbox 143 1661 1219 1708; baseline 0.003 -13"><span class='ocrx_word' id='word_1_175' title='bbox 143 1661 237 1696; x_wconf 85' lang='lat' dir='ltr'><strong>Tum</strong></span> <span class='ocrx_word' id='word_1_176' title='bbox 266 1673 392 1698; x_wconf 88' lang='lat' dir='ltr'><strong>versus</strong></span> <span class='ocrx_word' id='word_1_177' title='bbox 421 1663 517 1708; x_wconf 91' lang='lat' dir='ltr'>XVI,</span> <span class='ocrx_word' id='word_1_178' title='bbox 538 1664 615 1699; x_wconf 87' lang='lat'><strong>134</strong></span> <span class='ocrx_word' id='word_1_179' title='bbox 643 1664 872 1708; x_wconf 79' lang='lat' dir='ltr'><strong>comparetur</strong></span> <span class='ocrx_word' id='word_1_180' title='bbox 900 1674 982 1698; x_wconf 90' lang='lat' dir='ltr'><strong>cum</strong></span> <span class='ocrx_word' id='word_1_181' title='bbox 1009 1674 1042 1699; x_wconf 87' lang='lat' dir='ltr'><strong>v.</strong></span> <span class='ocrx_word' id='word_1_182' title='bbox 1061 1662 1138 1707; x_wconf 92' lang='lat' dir='ltr'><strong>XV,</strong></span> <span class='ocrx_word' id='word_1_183' title='bbox 1157 1663 1219 1698; x_wconf 84' lang='lat'><strong>87.</strong></span> 
     </span>
     <span class='ocr_line' id='line_1_25' title="bbox 143 1725 583 1773; baseline 0.005 -12"><span class='ocrx_word' id='word_1_184' title='bbox 143 1725 283 1761; x_wconf 86' lang='lat' dir='ltr'><strong>Deinde</strong></span> <span class='ocrx_word' id='word_1_185' title='bbox 311 1726 355 1761; x_wconf 90' lang='lat' dir='ltr'><strong>cf.</strong></span> <span class='ocrx_word' id='word_1_186' title='bbox 374 1726 472 1773; x_wconf 88' lang='lat' dir='ltr'>XVI,</span> <span class='ocrx_word' id='word_1_187' title='bbox 491 1728 566 1763; x_wconf 83' lang='lat'><strong>237</strong></span> <span class='ocrx_word' id='word_1_188' title='bbox 575 1741 583 1763; x_wconf 89' lang='lat'>:</span> 
     </span>
     <span class='ocr_line' id='line_1_26' title="bbox 263 1791 1381 1837; baseline 0 -12"><span class='ocrx_word' id='word_1_189' title='bbox 263 1791 339 1826; x_wconf 86' lang='lat' dir='ltr'><strong>Fax</strong></span> <span class='ocrx_word' id='word_1_190' title='bbox 366 1803 509 1836; x_wconf 89' lang='lat' dir='ltr'><strong>quoque</strong></span> <span class='ocrx_word' id='word_1_191' title='bbox 538 1803 595 1825; x_wconf 90' lang='lat' dir='ltr'><strong>me</strong></span> <span class='ocrx_word' id='word_1_192' title='bbox 624 1794 755 1835; x_wconf 88' lang='lat' dir='ltr'><strong>terret,</strong></span> <span class='ocrx_word' id='word_1_193' title='bbox 784 1803 892 1837; x_wconf 86' lang='lat' dir='ltr'><strong>quam</strong></span> <span class='ocrx_word' id='word_1_194' title='bbox 920 1803 958 1827; x_wconf 88' lang='lat' dir='ltr'><strong>se</strong></span> <span class='ocrx_word' id='word_1_195' title='bbox 985 1792 1169 1837; x_wconf 82' lang='lat' dir='ltr'><strong>peperisse</strong></span> <span class='ocrx_word' id='word_1_196' title='bbox 1196 1793 1381 1826; x_wconf 82' lang='lat' dir='ltr'><strong>cruentam</strong></span> 
     </span>
     <span class='ocr_line' id='line_1_27' title="bbox 316 1846 1144 1901; baseline 0 -10"><span class='ocrx_word' id='word_1_197' title='bbox 316 1857 411 1891; x_wconf 89' lang='lat' dir='ltr'><strong>Ante</strong></span> <span class='ocrx_word' id='word_1_198' title='bbox 440 1856 535 1891; x_wconf 90' lang='lat' dir='ltr'><strong>diem</strong></span> <span class='ocrx_word' id='word_1_199' title='bbox 562 1858 689 1901; x_wconf 86' lang='lat' dir='ltr'><strong>partus</strong></span> <span class='ocrx_word' id='word_1_200' title='bbox 718 1858 774 1891; x_wconf 85' lang='lat' dir='ltr'><strong>est</strong></span> <span class='ocrx_word' id='word_1_201' title='bbox 799 1846 866 1891; x_wconf 80' lang='lat' dir='ltr'><strong>tua</strong></span> <span class='ocrx_word' id='word_1_202' title='bbox 892 1856 972 1892; x_wconf 77' lang='lat' dir='ltr'><strong>visa</strong></span> <span class='ocrx_word' id='word_1_203' title='bbox 998 1867 1144 1901; x_wconf 82' lang='lat' dir='ltr'><strong>parens:</strong></span> 
     </span>
     <span class='ocr_line' id='line_1_28' title="bbox 262 1920 1224 1973; baseline 0 -18"><span class='ocrx_word' id='word_1_204' title='bbox 262 1921 309 1955; x_wconf 87' lang='lat' dir='ltr'><strong>Et</strong></span> <span class='ocrx_word' id='word_1_205' title='bbox 341 1922 463 1956; x_wconf 89' lang='lat' dir='ltr'><strong>vatum</strong></span> <span class='ocrx_word' id='word_1_206' title='bbox 490 1920 601 1955; x_wconf 90' lang='lat' dir='ltr'><strong>timeo</strong></span> <span class='ocrx_word' id='word_1_207' title='bbox 630 1920 805 1964; x_wconf 77' lang='lat' dir='ltr'><strong>monitus,</strong></span> <span class='ocrx_word' id='word_1_208' title='bbox 833 1931 922 1964; x_wconf 88' lang='lat' dir='ltr'><strong>quos</strong></span> <span class='ocrx_word' id='word_1_209' title='bbox 950 1920 1033 1965; x_wconf 88' lang='lat' dir='ltr'><strong>igne</strong></span> <span class='ocrx_word' id='word_1_210' title='bbox 1061 1920 1224 1973; x_wconf 21' lang='lat' dir='ltr'><strong>Pelasgo!</strong></span> 
     </span>
     <span class='ocr_line' id='line_1_29' title="bbox 316 1983 1063 2029; baseline -0.001 -10"><span class='ocrx_word' id='word_1_211' title='bbox 316 1984 411 2020; x_wconf 91' lang='lat' dir='ltr'><strong>Ilion</strong></span> <span class='ocrx_word' id='word_1_212' title='bbox 439 1995 606 2019; x_wconf 79' lang='lat' dir='ltr'><strong>arsurum</strong></span> <span class='ocrx_word' id='word_1_213' title='bbox 633 1984 902 2029; x_wconf 87' lang='lat' dir='ltr'><strong>praemonuisse</strong></span> <span class='ocrx_word' id='word_1_214' title='bbox 930 1983 1063 2028; x_wconf 87' lang='lat' dir='ltr'><strong>ferunt,</strong></span> 
     </span>
     <span class='ocr_line' id='line_1_30' title="bbox 143 2048 1096 2095; baseline -0.002 -10"><span class='ocrx_word' id='word_1_215' title='bbox 143 2052 195 2095; x_wconf 86' lang='lat' dir='ltr'><strong>et,</strong></span> <span class='ocrx_word' id='word_1_216' title='bbox 224 2050 262 2084; x_wconf 90' lang='lat' dir='ltr'><strong>in</strong></span> <span class='ocrx_word' id='word_1_217' title='bbox 291 2049 423 2095; x_wconf 85' lang='lat' dir='ltr'><strong>quibus</strong></span> <span class='ocrx_word' id='word_1_218' title='bbox 452 2049 538 2084; x_wconf 82' lang='lat' dir='ltr'><strong>solis</strong></span> <span class='ocrx_word' id='word_1_219' title='bbox 565 2052 761 2084; x_wconf 87' lang='lat' dir='ltr'><strong>narrantur</strong></span> <span class='ocrx_word' id='word_1_220' title='bbox 787 2049 875 2083; x_wconf 87' lang='lat' dir='ltr'><strong>haec</strong></span> <span class='ocrx_word' id='word_1_221' title='bbox 904 2059 926 2083; x_wconf 91' lang='lat' dir='ltr'><strong>a</strong></span> <span class='ocrx_word' id='word_1_222' title='bbox 952 2048 1096 2083; x_wconf 87' lang='lat' dir='ltr'><strong>Paride:</strong></span> 
     </span>
     <span class='ocr_line' id='line_1_31' title="bbox 142 2112 1522 2161; baseline 0 -13"><span class='ocrx_word' id='word_1_223' title='bbox 142 2113 221 2161; x_wconf 88' lang='lat' dir='ltr'>XV,</span> <span class='ocrx_word' id='word_1_224' title='bbox 239 2115 289 2150; x_wconf 89' lang='lat'><strong>45</strong></span> <span class='ocrx_word' id='word_1_225' title='bbox 330 2113 401 2148; x_wconf 78' lang='lat' dir='ltr'><strong>Illa</strong></span> <span class='ocrx_word' id='word_1_226' title='bbox 428 2112 497 2148; x_wconf 88' lang='lat' dir='ltr'><strong>sibi</strong></span> <span class='ocrx_word' id='word_1_227' title='bbox 524 2112 709 2158; x_wconf 87' lang='lat' dir='ltr'><strong>ingentem</strong></span> <span class='ocrx_word' id='word_1_228' title='bbox 736 2113 815 2148; x_wconf 86' lang='lat' dir='ltr'><strong>visa</strong></span> <span class='ocrx_word' id='word_1_229' title='bbox 843 2115 899 2148; x_wconf 87' lang='lat' dir='ltr'><strong>est</strong></span> <span class='ocrx_word' id='word_1_230' title='bbox 927 2113 994 2148; x_wconf 87' lang='lat' dir='ltr'><strong>sub</strong></span> <span class='ocrx_word' id='word_1_231' title='bbox 1022 2113 1178 2159; x_wconf 84' lang='lat' dir='ltr'><strong>imagine</strong></span> <span class='ocrx_word' id='word_1_232' title='bbox 1207 2113 1322 2148; x_wconf 89' lang='lat' dir='ltr'><strong>somni</strong></span> <span class='ocrx_word' id='word_1_233' title='bbox 1500 2130 1522 2149; x_wconf 72' lang='grc' dir='ltr'><strong><em>ο</em></strong></span> 
     </span>
     <span class='ocr_line' id='line_1_32' title="bbox 384 2177 1392 2223; baseline 0 -11"><span class='ocrx_word' id='word_1_234' title='bbox 384 2177 654 2213; x_wconf 84' lang='lat' dir='ltr'><strong>Flammiferam</strong></span> <span class='ocrx_word' id='word_1_235' title='bbox 681 2178 788 2223; x_wconf 90' lang='lat' dir='ltr'><strong>pleno</strong></span> <span class='ocrx_word' id='word_1_236' title='bbox 816 2177 965 2212; x_wconf 90' lang='lat' dir='ltr'><strong>reddere</strong></span> <span class='ocrx_word' id='word_1_237' title='bbox 993 2179 1119 2213; x_wconf 90' lang='lat' dir='ltr'><strong>ventre</strong></span> <span class='ocrx_word' id='word_1_238' title='bbox 1146 2177 1263 2213; x_wconf 88' lang='lat' dir='ltr'><strong>facem</strong></span> <span class='ocrx_word' id='word_1_239' title='bbox 1280 2204 1288 2212; x_wconf 94' lang='lat'><strong><em>.</em></strong></span> <span class='ocrx_word' id='word_1_240' title='bbox 1307 2205 1339 2212; x_wconf 88' lang='lat'><strong>..</strong></span> <span class='ocrx_word' id='word_1_241' title='bbox 1381 2193 1392 2203; x_wconf 83' lang='lat'><em>-</em></span> 
     </span>
    </p>
   </div>
   <div class='ocr_carea' id='block_1_3' title="bbox 211 2260 400 2265">
    <p class='ocr_par' dir='ltr' id='par_1_3' title="bbox 211 2260 400 2265">
     <span class='ocr_line' id='line_1_33' title="bbox 211 2260 400 2265; baseline 0 0"><span class='ocrx_word' id='word_1_242' title='bbox 211 2260 400 2265; x_wconf 95' lang='lat' dir='ltr'><strong> </strong></span> 
     </span>
    </p>
   </div>
   <div class='ocr_carea' id='block_1_4' title="bbox 142 2289 1496 2546">
    <p class='ocr_par' dir='ltr' id='par_1_4' title="bbox 142 2289 1496 2546">
     <span class='ocr_line' id='line_1_34' title="bbox 231 2289 1494 2333; baseline 0.001 -11"><span class='ocrx_word' id='word_1_243' title='bbox 231 2291 262 2332; x_wconf 90' lang='lat'>1)</span> <span class='ocrx_word' id='word_1_244' title='bbox 285 2290 403 2323; x_wconf 85' lang='lat' dir='ltr'><strong>Latius</strong></span> <span class='ocrx_word' id='word_1_245' title='bbox 427 2289 518 2322; x_wconf 89' lang='lat' dir='ltr'><strong>enim</strong></span> <span class='ocrx_word' id='word_1_246' title='bbox 540 2291 737 2333; x_wconf 84' lang='lat' dir='ltr'><strong>evulgatum</strong></span> <span class='ocrx_word' id='word_1_247' title='bbox 759 2290 862 2322; x_wconf 80' lang='lat' dir='ltr'><strong>fuisse</strong></span> <span class='ocrx_word' id='word_1_248' title='bbox 884 2290 949 2323; x_wconf 90' lang='lat' dir='ltr'><strong>hoc</strong></span> <span class='ocrx_word' id='word_1_249' title='bbox 966 2290 1103 2331; x_wconf 83' lang='lat' dir='ltr'><strong>fabulis,</strong></span> <span class='ocrx_word' id='word_1_250' title='bbox 1127 2290 1208 2322; x_wconf 85' lang='lat' dir='ltr'><strong>deas</strong></span> <span class='ocrx_word' id='word_1_251' title='bbox 1225 2289 1332 2321; x_wconf 86' lang='lat' dir='ltr'><strong>nudas</strong></span> <span class='ocrx_word' id='word_1_252' title='bbox 1350 2299 1423 2322; x_wconf 86' lang='lat' dir='ltr'><strong>sese</strong></span> <span class='ocrx_word' id='word_1_253' title='bbox 1440 2300 1494 2323; x_wconf 85' lang='lat' dir='ltr'><strong>ex-</strong></span> 
     </span>
     <span class='ocr_line' id='line_1_35' title="bbox 142 2343 1494 2386; baseline 0 -10"><span class='ocrx_word' id='word_1_254' title='bbox 142 2344 293 2377; x_wconf 87' lang='lat' dir='ltr'><strong>hibuisse</strong></span> <span class='ocrx_word' id='word_1_255' title='bbox 317 2343 449 2384; x_wconf 87' lang='lat' dir='ltr'><strong>Paridi,</strong></span> <span class='ocrx_word' id='word_1_256' title='bbox 472 2344 597 2376; x_wconf 87' lang='lat' dir='ltr'><strong>docent</strong></span> <span class='ocrx_word' id='word_1_257' title='bbox 620 2345 719 2386; x_wconf 86' lang='lat' dir='ltr'><strong>Prop.</strong></span> <span class='ocrx_word' id='word_1_258' title='bbox 737 2344 779 2384; x_wconf 88' lang='lat'>11,</span> <span class='ocrx_word' id='word_1_259' title='bbox 796 2349 827 2385; x_wconf 84' lang='lat'>2,</span> <span class='ocrx_word' id='word_1_260' title='bbox 847 2348 886 2376; x_wconf 85' lang='lat'>14</span> <span class='ocrx_word' id='word_1_261' title='bbox 916 2345 951 2376; x_wconf 87' lang='lat' dir='ltr'><strong>et</strong></span> <span class='ocrx_word' id='word_1_262' title='bbox 978 2354 1046 2376; x_wconf 93' lang='lat' dir='ltr'><strong>non</strong></span> <span class='ocrx_word' id='word_1_263' title='bbox 1068 2353 1197 2385; x_wconf 85' lang='lat' dir='ltr'><strong>paucae</strong></span> <span class='ocrx_word' id='word_1_264' title='bbox 1219 2353 1376 2376; x_wconf 84' lang='lat' dir='ltr'><strong>vasorum</strong></span> <span class='ocrx_word' id='word_1_265' title='bbox 1398 2354 1494 2376; x_wconf 90' lang='lat' dir='ltr'><strong>num—</strong></span> 
     </span>
     <span class='ocr_line' id='line_1_36' title="bbox 142 2396 1496 2439; baseline -0.001 -9"><span class='ocrx_word' id='word_1_266' title='bbox 142 2407 340 2438; x_wconf 87' lang='lat' dir='ltr'><strong>morumque</strong></span> <span class='ocrx_word' id='word_1_267' title='bbox 374 2397 552 2439; x_wconf 82' lang='lat' dir='ltr'><strong>imagines.</strong></span> <span class='ocrx_word' id='word_1_268' title='bbox 604 2397 652 2431; x_wconf 88' lang='lat' dir='ltr'><strong>Cf.</strong></span> <span class='ocrx_word' id='word_1_269' title='bbox 681 2397 856 2437; x_wconf 83' lang='lat' dir='ltr'><strong>Overbeck,</strong></span> <span class='ocrx_word' id='word_1_270' title='bbox 891 2397 1075 2429; x_wconf 85' lang='lat' dir='ltr'><strong>Gallerie</strong></span> <span class='ocrx_word' id='word_1_271' title='bbox 1109 2396 1350 2428; x_wconf 86' lang='lat' dir='ltr'><strong>heroischer</strong></span> <span class='ocrx_word' id='word_1_272' title='bbox 1383 2396 1496 2428; x_wconf 86' lang='lat' dir='ltr'><strong>Bild-</strong></span> 
     </span>
     <span class='ocr_line' id='line_1_37' title="bbox 143 2450 1495 2493; baseline 0 -10"><span class='ocrx_word' id='word_1_273' title='bbox 143 2451 276 2484; x_wconf 87' lang='lat' dir='ltr'><strong>werke</strong></span> <span class='ocrx_word' id='word_1_274' title='bbox 293 2463 326 2493; x_wconf 93' lang='lat' dir='ltr'><strong>p.</strong></span> <span class='ocrx_word' id='word_1_275' title='bbox 345 2455 407 2484; x_wconf 79' lang='lat'><strong>249</strong></span> <span class='ocrx_word' id='word_1_276' title='bbox 428 2462 476 2493; x_wconf 88' lang='lat' dir='ltr'><strong>sq.</strong></span> <span class='ocrx_word' id='word_1_277' title='bbox 531 2452 685 2492; x_wconf 82' lang='lat' dir='ltr'><strong>Welcker,</strong></span> <span class='ocrx_word' id='word_1_278' title='bbox 709 2451 793 2483; x_wconf 87' lang='lat' dir='ltr'><strong>alte</strong></span> <span class='ocrx_word' id='word_1_279' title='bbox 811 2450 1061 2484; x_wconf 70' lang='lat' dir='ltr'><strong>Denkmaler</strong></span> <span class='ocrx_word' id='word_1_280' title='bbox 1079 2451 1108 2483; x_wconf 94' lang='lat' dir='ltr'>V</span> <span class='ocrx_word' id='word_1_281' title='bbox 1125 2461 1157 2492; x_wconf 92' lang='lat' dir='ltr'><strong>p.</strong></span> <span class='ocrx_word' id='word_1_282' title='bbox 1176 2453 1249 2483; x_wconf 82' lang='lat'><strong>368.</strong></span> <span class='ocrx_word' id='word_1_283' title='bbox 1295 2450 1444 2483; x_wconf 74' lang='lat' dir='ltr'><strong>Frdnkel</strong></span> <span class='ocrx_word' id='word_1_284' title='bbox 1460 2450 1495 2483; x_wconf 91' lang='lat' dir='ltr'><strong>in</strong></span> 
     </span>
     <span class='ocr_line' id='line_1_38' title="bbox 142 2505 860 2546; baseline 0.003 -11"><span class='ocrx_word' id='word_1_285' title='bbox 142 2505 355 2538; x_wconf 86' lang='lat' dir='ltr'><strong>Archaeol.</strong></span> <span class='ocrx_word' id='word_1_286' title='bbox 378 2505 563 2546; x_wconf 84' lang='lat' dir='ltr'><strong>Zeitung.</strong></span> <span class='ocrx_word' id='word_1_287' title='bbox 590 2508 672 2537; x_wconf 75' lang='lat'>1874</span> <span class='ocrx_word' id='word_1_288' title='bbox 689 2516 721 2546; x_wconf 88' lang='lat' dir='ltr'><strong>p.</strong></span> <span class='ocrx_word' id='word_1_289' title='bbox 741 2508 792 2546; x_wconf 87' lang='lat'>38,</span> <span class='ocrx_word' id='word_1_290' title='bbox 813 2509 860 2537; x_wconf 90' lang='lat'>11.</span> 
     </span>
    </p>
   </div>
  </div>
 </body>
</html>
