<?xml version="1.0" encoding="UTF-8"?>
<!DOCTYPE html PUBLIC "-//W3C//DTD XHTML 1.0 Transitional//EN"
    "http://www.w3.org/TR/xhtml1/DTD/xhtml1-transitional.dtd">
<html xmlns="http://www.w3.org/1999/xhtml" xml:lang="en" lang="en">
 <head>
  <title>
</title>
<meta http-equiv="Content-Type" content="text/html;charset=utf-8" />
  <meta name='ocr-system' content='tesseract 3.04.00' />
  <meta name='ocr-capabilities' content='ocr_page ocr_carea ocr_par ocr_line ocrx_word'/>
</head>
<body>
  <div class='ocr_page' id='page_1' title='image "4737333_0066.png"; bbox 0 0 1745 2813; ppageno 0'>
   <div class='ocr_carea' id='block_1_1' title="bbox 722 118 986 157">
    <p class='ocr_par' dir='ltr' id='par_1_1' title="bbox 722 118 986 157">
     <span class='ocr_line' id='line_1_1' title="bbox 722 118 986 157; baseline 0 -12"><span class='ocrx_word' id='word_1_1' title='bbox 722 118 986 157; x_wconf 54' lang='grc' dir='ltr'><strong>..-48,Α</strong></span> 
     </span>
    </p>
   </div>
   <div class='ocr_carea' id='block_1_2' title="bbox 170 223 1532 2521">
    <p class='ocr_par' dir='ltr' id='par_1_2' title="bbox 170 223 1532 660">
     <span class='ocr_line' id='line_1_2' title="bbox 171 223 1530 276; baseline 0.003 -14"><span class='ocrx_word' id='word_1_2' title='bbox 171 228 261 263; x_wconf 87' lang='lat' dir='ltr'><strong>illud</strong></span> <span class='ocrx_word' id='word_1_3' title='bbox 283 228 421 263; x_wconf 83' lang='lat' dir='ltr'><strong>factum</strong></span> <span class='ocrx_word' id='word_1_4' title='bbox 443 239 515 263; x_wconf 90' lang='lat' dir='ltr'><strong>non</strong></span> <span class='ocrx_word' id='word_1_5' title='bbox 538 228 586 263; x_wconf 88' lang='lat' dir='ltr'><strong>sit</strong></span> <span class='ocrx_word' id='word_1_6' title='bbox 609 223 671 276; x_wconf 87' lang='lat' dir='ltr'><strong>(cf.</strong></span> <span class='ocrx_word' id='word_1_7' title='bbox 689 228 942 273; x_wconf 84' lang='lat' dir='ltr'><strong>Wattenbach,</strong></span> <span class='ocrx_word' id='word_1_8' title='bbox 965 228 1030 263; x_wconf 80' lang='lat' dir='ltr'><strong>das</strong></span> <span class='ocrx_word' id='word_1_9' title='bbox 1048 227 1308 264; x_wconf 73' lang='lat' dir='ltr'><strong>Schriftwesen</strong></span> <span class='ocrx_word' id='word_1_10' title='bbox 1328 228 1378 263; x_wconf 90' lang='lat' dir='ltr'><strong>im</strong></span> <span class='ocrx_word' id='word_1_11' title='bbox 1395 229 1530 266; x_wconf 87' lang='lat' dir='ltr'><strong>Mittel-</strong></span> 
     </span>
     <span class='ocr_line' id='line_1_3' title="bbox 171 287 1532 341; baseline 0.001 -15"><span class='ocrx_word' id='word_1_12' title='bbox 171 293 265 327; x_wconf 83' lang='lat' dir='ltr'><strong>alter</strong></span> <span class='ocrx_word' id='word_1_13' title='bbox 287 288 453 341; x_wconf 82' lang='lat' dir='ltr'>(Leipzig</span> <span class='ocrx_word' id='word_1_14' title='bbox 477 288 600 340; x_wconf 78' lang='grc'>1871)</span> <span class='ocrx_word' id='word_1_15' title='bbox 622 305 655 338; x_wconf 90' lang='lat' dir='ltr'><strong>p.</strong></span> <span class='ocrx_word' id='word_1_16' title='bbox 683 287 793 341; x_wconf 87' lang='lat'><strong>143),</strong></span> <span class='ocrx_word' id='word_1_17' title='bbox 823 293 885 328; x_wconf 88' lang='lat' dir='ltr'><strong>sed</strong></span> <span class='ocrx_word' id='word_1_18' title='bbox 913 292 997 337; x_wconf 89' lang='lat' dir='ltr'><strong>quia</strong></span> <span class='ocrx_word' id='word_1_19' title='bbox 1024 292 1200 338; x_wconf 87' lang='lat' dir='ltr'><strong>permiros</strong></span> <span class='ocrx_word' id='word_1_20' title='bbox 1228 302 1313 328; x_wconf 82' lang='lat' dir='ltr'><strong>sane</strong></span> <span class='ocrx_word' id='word_1_21' title='bbox 1341 302 1445 328; x_wconf 85' lang='lat' dir='ltr'><strong>casus</strong></span> <span class='ocrx_word' id='word_1_22' title='bbox 1473 304 1532 328; x_wconf 85' lang='lat' dir='ltr'><strong>ex-</strong></span> 
     </span>
     <span class='ocr_line' id='line_1_4' title="bbox 170 356 1531 403; baseline 0.001 -12"><span class='ocrx_word' id='word_1_23' title='bbox 170 359 275 401; x_wconf 86' lang='lat' dir='ltr'><strong>perta</strong></span> <span class='ocrx_word' id='word_1_24' title='bbox 309 368 388 392; x_wconf 87' lang='lat' dir='ltr'><strong>esse</strong></span> <span class='ocrx_word' id='word_1_25' title='bbox 420 357 508 393; x_wconf 82' lang='lat' dir='ltr'><strong>haec</strong></span> <span class='ocrx_word' id='word_1_26' title='bbox 544 357 782 403; x_wconf 77' lang='lat' dir='ltr'><strong>epistularum</strong></span> <span class='ocrx_word' id='word_1_27' title='bbox 816 357 921 393; x_wconf 86' lang='lat' dir='ltr'><strong>initia</strong></span> <span class='ocrx_word' id='word_1_28' title='bbox 955 357 1190 392; x_wconf 87' lang='lat' dir='ltr'><strong>statuendum</strong></span> <span class='ocrx_word' id='word_1_29' title='bbox 1223 359 1334 402; x_wconf 89' lang='lat' dir='ltr'><strong>esset,</strong></span> <span class='ocrx_word' id='word_1_30' title='bbox 1374 356 1404 391; x_wconf 88' lang='lat' dir='ltr'><strong>si</strong></span> <span class='ocrx_word' id='word_1_31' title='bbox 1441 357 1531 392; x_wconf 90' lang='lat' dir='ltr'><strong>illud</strong></span> 
     </span>
     <span class='ocr_line' id='line_1_5' title="bbox 172 422 1530 468; baseline 0 -12"><span class='ocrx_word' id='word_1_32' title='bbox 172 433 253 456; x_wconf 92' lang='lat' dir='ltr'><strong>cum</strong></span> <span class='ocrx_word' id='word_1_33' title='bbox 284 422 449 458; x_wconf 81' lang='lat' dir='ltr'><strong>Vahleno</strong></span> <span class='ocrx_word' id='word_1_34' title='bbox 481 424 685 467; x_wconf 78' lang='lat' dir='ltr'><strong>poneretur.</strong></span> <span class='ocrx_word' id='word_1_35' title='bbox 730 422 856 468; x_wconf 83' lang='lat' dir='ltr'><strong>Neque</strong></span> <span class='ocrx_word' id='word_1_36' title='bbox 891 423 985 458; x_wconf 88' lang='lat' dir='ltr'><strong>enim</strong></span> <span class='ocrx_word' id='word_1_37' title='bbox 1019 422 1056 457; x_wconf 89' lang='lat' dir='ltr'><strong>in</strong></span> <span class='ocrx_word' id='word_1_38' title='bbox 1087 422 1268 468; x_wconf 82' lang='lat' dir='ltr'><strong>omnibus,</strong></span> <span class='ocrx_word' id='word_1_39' title='bbox 1296 423 1360 457; x_wconf 89' lang='lat' dir='ltr'><strong>aut</strong></span> <span class='ocrx_word' id='word_1_40' title='bbox 1387 422 1425 456; x_wconf 89' lang='lat' dir='ltr'><strong>in</strong></span> <span class='ocrx_word' id='word_1_41' title='bbox 1450 433 1530 466; x_wconf 91' lang='lat' dir='ltr'><strong>per-</strong></span> 
     </span>
     <span class='ocr_line' id='line_1_6' title="bbox 170 485 1530 532; baseline 0 -11"><span class='ocrx_word' id='word_1_42' title='bbox 170 485 296 531; x_wconf 82' lang='lat' dir='ltr'><strong>paucis</strong></span> <span class='ocrx_word' id='word_1_43' title='bbox 325 486 489 532; x_wconf 81' lang='lat' dir='ltr'><strong>epistulis</strong></span> <span class='ocrx_word' id='word_1_44' title='bbox 523 486 612 522; x_wconf 86' lang='lat' dir='ltr'><strong>duos</strong></span> <span class='ocrx_word' id='word_1_45' title='bbox 647 486 783 532; x_wconf 87' lang='lat' dir='ltr'><strong>primos</strong></span> <span class='ocrx_word' id='word_1_46' title='bbox 817 498 943 523; x_wconf 87' lang='lat' dir='ltr'><strong>versus</strong></span> <span class='ocrx_word' id='word_1_47' title='bbox 971 487 1025 522; x_wconf 84' lang='lat' dir='ltr'><strong>ita</strong></span> <span class='ocrx_word' id='word_1_48' title='bbox 1057 487 1252 532; x_wconf 87' lang='lat' dir='ltr'><strong>interiisse,</strong></span> <span class='ocrx_word' id='word_1_49' title='bbox 1281 486 1344 522; x_wconf 86' lang='lat' dir='ltr'><strong>sed</strong></span> <span class='ocrx_word' id='word_1_50' title='bbox 1371 486 1407 521; x_wconf 89' lang='lat' dir='ltr'><strong>in</strong></span> <span class='ocrx_word' id='word_1_51' title='bbox 1435 496 1530 521; x_wconf 90' lang='lat' dir='ltr'><strong>com-</strong></span> 
     </span>
     <span class='ocr_line' id='line_1_7' title="bbox 171 550 1532 596; baseline 0.001 -12"><span class='ocrx_word' id='word_1_52' title='bbox 171 550 337 595; x_wconf 84' lang='lat' dir='ltr'><strong>pluribus</strong></span> <span class='ocrx_word' id='word_1_53' title='bbox 366 550 533 596; x_wconf 84' lang='lat' dir='ltr'><strong>deinceps</strong></span> <span class='ocrx_word' id='word_1_54' title='bbox 556 551 664 586; x_wconf 90' lang='lat' dir='ltr'><strong>modo</strong></span> <span class='ocrx_word' id='word_1_55' title='bbox 693 551 819 587; x_wconf 79' lang='lat' dir='ltr'><strong>adesse</strong></span> <span class='ocrx_word' id='word_1_56' title='bbox 848 551 953 586; x_wconf 90' lang='lat' dir='ltr'><strong>modo</strong></span> <span class='ocrx_word' id='word_1_57' title='bbox 981 562 1060 586; x_wconf 88' lang='lat' dir='ltr'><strong>esse</strong></span> <span class='ocrx_word' id='word_1_58' title='bbox 1089 551 1240 587; x_wconf 88' lang='lat' dir='ltr'><strong>omissos</strong></span> <span class='ocrx_word' id='word_1_59' title='bbox 1267 551 1321 586; x_wconf 91' lang='lat' dir='ltr'><strong>illi</strong></span> <span class='ocrx_word' id='word_1_60' title='bbox 1343 550 1532 585; x_wconf 87' lang='lat' dir='ltr'><strong>dicendum</strong></span> 
     </span>
     <span class='ocr_line' id='line_1_8' title="bbox 171 614 1101 660; baseline 0.003 -12"><span class='ocrx_word' id='word_1_61' title='bbox 171 616 243 658; x_wconf 87' lang='lat' dir='ltr'><strong>est,</strong></span> <span class='ocrx_word' id='word_1_62' title='bbox 273 614 330 648; x_wconf 91' lang='lat' dir='ltr'><strong>cui</strong></span> <span class='ocrx_word' id='word_1_63' title='bbox 357 614 502 659; x_wconf 89' lang='lat' dir='ltr'><strong>quidem</strong></span> <span class='ocrx_word' id='word_1_64' title='bbox 530 615 583 649; x_wconf 88' lang='lat' dir='ltr'><strong>rei</strong></span> <span class='ocrx_word' id='word_1_65' title='bbox 610 615 671 650; x_wconf 83' lang='lat' dir='ltr'><strong>vix</strong></span> <span class='ocrx_word' id='word_1_66' title='bbox 699 615 888 660; x_wconf 86' lang='lat' dir='ltr'><strong>quisquam</strong></span> <span class='ocrx_word' id='word_1_67' title='bbox 916 614 1101 651; x_wconf 84' lang='lat' dir='ltr'><strong>assentiat.</strong></span> 
     </span>
    </p>

    <p class='ocr_par' dir='ltr' id='par_1_3' title="bbox 170 678 1531 1621">
     <span class='ocr_line' id='line_1_9' title="bbox 278 678 1530 724; baseline 0 -11"><span class='ocrx_word' id='word_1_68' title='bbox 278 679 357 713; x_wconf 87' lang='lat' dir='ltr'><strong>Iam</strong></span> <span class='ocrx_word' id='word_1_69' title='bbox 391 678 595 724; x_wconf 89' lang='lat' dir='ltr'><strong>videamus,</strong></span> <span class='ocrx_word' id='word_1_70' title='bbox 628 691 715 714; x_wconf 90' lang='lat' dir='ltr'><strong>num</strong></span> <span class='ocrx_word' id='word_1_71' title='bbox 749 680 891 715; x_wconf 91' lang='lat' dir='ltr'><strong>omnino</strong></span> <span class='ocrx_word' id='word_1_72' title='bbox 926 690 1016 724; x_wconf 91' lang='lat' dir='ltr'><strong>opus</strong></span> <span class='ocrx_word' id='word_1_73' title='bbox 1049 679 1162 714; x_wconf 89' lang='lat' dir='ltr'><strong>fuerit</strong></span> <span class='ocrx_word' id='word_1_74' title='bbox 1189 678 1367 723; x_wconf 81' lang='lat' dir='ltr'><strong>distichis,</strong></span> <span class='ocrx_word' id='word_1_75' title='bbox 1401 678 1530 723; x_wconf 89' lang='lat' dir='ltr'><strong>quibus</strong></span> 
     </span>
     <span class='ocr_line' id='line_1_10' title="bbox 171 742 1530 788; baseline 0.001 -13"><span class='ocrx_word' id='word_1_76' title='bbox 171 744 209 777; x_wconf 89' lang='lat' dir='ltr'><strong>et</strong></span> <span class='ocrx_word' id='word_1_77' title='bbox 242 742 304 786; x_wconf 87' lang='lat' dir='ltr'><strong>qui</strong></span> <span class='ocrx_word' id='word_1_78' title='bbox 338 743 537 778; x_wconf 83' lang='lat' dir='ltr'><strong>scriberent</strong></span> <span class='ocrx_word' id='word_1_79' title='bbox 571 745 609 778; x_wconf 88' lang='lat' dir='ltr'><strong>et</strong></span> <span class='ocrx_word' id='word_1_80' title='bbox 636 743 697 788; x_wconf 91' lang='lat' dir='ltr'><strong>qui</strong></span> <span class='ocrx_word' id='word_1_81' title='bbox 725 744 928 788; x_wconf 86' lang='lat' dir='ltr'><strong>acciperent</strong></span> <span class='ocrx_word' id='word_1_82' title='bbox 957 743 1116 788; x_wconf 83' lang='lat' dir='ltr'><strong>singulas</strong></span> <span class='ocrx_word' id='word_1_83' title='bbox 1146 742 1337 787; x_wconf 84' lang='lat' dir='ltr'><strong>epistulas,</strong></span> <span class='ocrx_word' id='word_1_84' title='bbox 1369 742 1530 777; x_wconf 88' lang='lat' dir='ltr'><strong>nomina-</strong></span> 
     </span>
     <span class='ocr_line' id='line_1_11' title="bbox 172 806 1528 853; baseline 0 -12"><span class='ocrx_word' id='word_1_85' title='bbox 172 808 313 852; x_wconf 79' lang='lat' dir='ltr'><strong>rentur,</strong></span> <span class='ocrx_word' id='word_1_86' title='bbox 349 809 413 843; x_wconf 90' lang='lat' dir='ltr'><strong>aut</strong></span> <span class='ocrx_word' id='word_1_87' title='bbox 446 819 532 842; x_wconf 88' lang='lat' dir='ltr'><strong>num</strong></span> <span class='ocrx_word' id='word_1_88' title='bbox 562 807 726 842; x_wconf 90' lang='lat' dir='ltr'><strong>omnibus</strong></span> <span class='ocrx_word' id='word_1_89' title='bbox 755 807 846 842; x_wconf 87' lang='lat' dir='ltr'><strong>talia</strong></span> <span class='ocrx_word' id='word_1_90' title='bbox 873 807 1004 842; x_wconf 86' lang='lat' dir='ltr'><strong>addere</strong></span> <span class='ocrx_word' id='word_1_91' title='bbox 1033 809 1141 853; x_wconf 88' lang='lat' dir='ltr'><strong>poeta</strong></span> <span class='ocrx_word' id='word_1_92' title='bbox 1168 806 1335 843; x_wconf 82' lang='lat' dir='ltr'><strong>videatur</strong></span> <span class='ocrx_word' id='word_1_93' title='bbox 1362 806 1528 842; x_wconf 86' lang='lat' dir='ltr'><strong>voluisse.</strong></span> 
     </span>
     <span class='ocr_line' id='line_1_12' title="bbox 172 870 1528 917; baseline -0.001 -11"><span class='ocrx_word' id='word_1_94' title='bbox 172 870 278 906; x_wconf 88' lang='lat' dir='ltr'><strong>Certe</strong></span> <span class='ocrx_word' id='word_1_95' title='bbox 313 883 356 906; x_wconf 83' lang='lat' dir='ltr'><strong>ex</strong></span> <span class='ocrx_word' id='word_1_96' title='bbox 389 871 537 916; x_wconf 86' lang='lat' dir='ltr'><strong>propria</strong></span> <span class='ocrx_word' id='word_1_97' title='bbox 565 871 742 916; x_wconf 85' lang='lat' dir='ltr'><strong>epistulae</strong></span> <span class='ocrx_word' id='word_1_98' title='bbox 770 872 903 916; x_wconf 90' lang='lat' dir='ltr'><strong>forma,</strong></span> <span class='ocrx_word' id='word_1_99' title='bbox 931 883 1004 917; x_wconf 89' lang='lat' dir='ltr'><strong>qua</strong></span> <span class='ocrx_word' id='word_1_100' title='bbox 1030 883 1117 907; x_wconf 89' lang='lat' dir='ltr'><strong>usus</strong></span> <span class='ocrx_word' id='word_1_101' title='bbox 1146 873 1202 906; x_wconf 89' lang='lat' dir='ltr'><strong>est</strong></span> <span class='ocrx_word' id='word_1_102' title='bbox 1229 871 1396 916; x_wconf 85' lang='lat' dir='ltr'><strong>Ovidius,</strong></span> <span class='ocrx_word' id='word_1_103' title='bbox 1425 882 1447 906; x_wconf 88' lang='lat' dir='ltr'><strong>a</strong></span> <span class='ocrx_word' id='word_1_104' title='bbox 1474 882 1528 905; x_wconf 90' lang='lat' dir='ltr'><strong>sa-</strong></span> 
     </span>
     <span class='ocr_line' id='line_1_13' title="bbox 174 935 1531 981; baseline 0.001 -12"><span class='ocrx_word' id='word_1_105' title='bbox 174 935 251 970; x_wconf 90' lang='lat' dir='ltr'><strong>lute</strong></span> <span class='ocrx_word' id='word_1_106' title='bbox 274 937 311 970; x_wconf 81' lang='lat' dir='ltr'><strong>et·</strong></span> <span class='ocrx_word' id='word_1_107' title='bbox 334 935 412 970; x_wconf 90' lang='lat' dir='ltr'><strong>eius</strong></span> <span class='ocrx_word' id='word_1_108' title='bbox 435 935 481 970; x_wconf 88' lang='lat' dir='ltr'><strong>ad</strong></span> <span class='ocrx_word' id='word_1_109' title='bbox 498 947 606 981; x_wconf 91' lang='lat' dir='ltr'><strong>quem</strong></span> <span class='ocrx_word' id='word_1_110' title='bbox 630 935 799 971; x_wconf 86' lang='lat' dir='ltr'><strong>scribitur</strong></span> <span class='ocrx_word' id='word_1_111' title='bbox 815 935 1031 971; x_wconf 79' lang='lat' dir='ltr'><strong>allocutione</strong></span> <span class='ocrx_word' id='word_1_112' title='bbox 1050 935 1189 970; x_wconf 88' lang='lat' dir='ltr'><strong>orditur</strong></span> <span class='ocrx_word' id='word_1_113' title='bbox 1206 946 1334 980; x_wconf 88' lang='lat' dir='ltr'><strong>sermo,</strong></span> <span class='ocrx_word' id='word_1_114' title='bbox 1354 935 1531 980; x_wconf 89' lang='lat' dir='ltr'><strong>simulque</strong></span> 
     </span>
     <span class='ocr_line' id='line_1_14' title="bbox 172 999 1530 1045; baseline 0 -12"><span class='ocrx_word' id='word_1_115' title='bbox 172 999 381 1034; x_wconf 88' lang='lat' dir='ltr'><strong>nominatur</strong></span> <span class='ocrx_word' id='word_1_116' title='bbox 414 999 445 1034; x_wconf 88' lang='lat' dir='ltr'><strong>is</strong></span> <span class='ocrx_word' id='word_1_117' title='bbox 479 999 597 1044; x_wconf 90' lang='lat' dir='ltr'><strong>initio,</strong></span> <span class='ocrx_word' id='word_1_118' title='bbox 639 1000 700 1045; x_wconf 92' lang='lat' dir='ltr'><strong>qui</strong></span> <span class='ocrx_word' id='word_1_119' title='bbox 734 1000 797 1035; x_wconf 88' lang='lat' dir='ltr'><strong>dat</strong></span> <span class='ocrx_word' id='word_1_120' title='bbox 831 1000 1033 1044; x_wconf 84' lang='lat' dir='ltr'><strong>epistulam.</strong></span> <span class='ocrx_word' id='word_1_121' title='bbox 1084 1000 1266 1044; x_wconf 82' lang='lat' dir='ltr'><strong>Expressa</strong></span> <span class='ocrx_word' id='word_1_122' title='bbox 1298 1002 1355 1034; x_wconf 88' lang='lat' dir='ltr'><strong>est</strong></span> <span class='ocrx_word' id='word_1_123' title='bbox 1387 999 1455 1044; x_wconf 85' lang='lat' dir='ltr'><strong>ita,</strong></span> <span class='ocrx_word' id='word_1_124' title='bbox 1489 1001 1530 1033; x_wconf 93' lang='lat' dir='ltr'><strong>ut</strong></span> 
     </span>
     <span class='ocr_line' id='line_1_15' title="bbox 172 1063 1530 1109; baseline 0.001 -12"><span class='ocrx_word' id='word_1_125' title='bbox 172 1063 358 1098; x_wconf 87' lang='lat' dir='ltr'><strong>Vahlenus</strong></span> <span class='ocrx_word' id='word_1_126' title='bbox 398 1064 554 1108; x_wconf 85' lang='lat' dir='ltr'><strong>perbene</strong></span> <span class='ocrx_word' id='word_1_127' title='bbox 588 1063 689 1108; x_wconf 89' lang='lat' dir='ltr'><strong>dicit,</strong></span> <span class='ocrx_word' id='word_1_128' title='bbox 728 1064 868 1109; x_wconf 87' lang='lat' dir='ltr'><strong>poetice</strong></span> <span class='ocrx_word' id='word_1_129' title='bbox 903 1064 1010 1099; x_wconf 87' lang='lat' dir='ltr'><strong>solita</strong></span> <span class='ocrx_word' id='word_1_130' title='bbox 1042 1064 1106 1099; x_wconf 87' lang='lat' dir='ltr'><strong>illa</strong></span> <span class='ocrx_word' id='word_1_131' title='bbox 1140 1064 1377 1109; x_wconf 87' lang='lat' dir='ltr'><strong>epistularum</strong></span> <span class='ocrx_word' id='word_1_132' title='bbox 1411 1064 1530 1098; x_wconf 89' lang='lat' dir='ltr'><strong>soluta</strong></span> 
     </span>
     <span class='ocr_line' id='line_1_16' title="bbox 174 1128 1529 1173; baseline 0.001 -12"><span class='ocrx_word' id='word_1_133' title='bbox 174 1128 337 1162; x_wconf 91' lang='lat' dir='ltr'><strong>oratione</strong></span> <span class='ocrx_word' id='word_1_134' title='bbox 366 1129 619 1172; x_wconf 85' lang='lat' dir='ltr'><strong>conceptarum</strong></span> <span class='ocrx_word' id='word_1_135' title='bbox 642 1128 839 1173; x_wconf 87' lang='lat' dir='ltr'><strong>inscriptio,</strong></span> <span class='ocrx_word' id='word_1_136' title='bbox 868 1128 963 1173; x_wconf 91' lang='lat' dir='ltr'><strong>quod</strong></span> <span class='ocrx_word' id='word_1_137' title='bbox 987 1128 1131 1173; x_wconf 90' lang='lat' dir='ltr'><strong>quidem</strong></span> <span class='ocrx_word' id='word_1_138' title='bbox 1159 1128 1251 1172; x_wconf 89' lang='lat' dir='ltr'><strong>apud</strong></span> <span class='ocrx_word' id='word_1_139' title='bbox 1277 1128 1366 1162; x_wconf 88' lang='lat' dir='ltr'><strong>alios</strong></span> <span class='ocrx_word' id='word_1_140' title='bbox 1388 1138 1529 1173; x_wconf 90' lang='lat' dir='ltr'><strong>quoque</strong></span> 
     </span>
     <span class='ocr_line' id='line_1_17' title="bbox 171 1191 1529 1238; baseline 0.001 -12"><span class='ocrx_word' id='word_1_141' title='bbox 171 1192 297 1227; x_wconf 90' lang='lat' dir='ltr'><strong>eodem</strong></span> <span class='ocrx_word' id='word_1_142' title='bbox 319 1191 425 1227; x_wconf 91' lang='lat' dir='ltr'><strong>modo</strong></span> <span class='ocrx_word' id='word_1_143' title='bbox 449 1191 490 1227; x_wconf 91' lang='lat' dir='ltr'><strong>fit</strong></span> <span class='ocrx_word' id='word_1_144' title='bbox 512 1194 648 1237; x_wconf 87' lang='lat' dir='ltr'><strong>poetas,</strong></span> <span class='ocrx_word' id='word_1_145' title='bbox 672 1193 773 1228; x_wconf 86' lang='lat' dir='ltr'><strong>velut</strong></span> <span class='ocrx_word' id='word_1_146' title='bbox 795 1193 948 1228; x_wconf 88' lang='lat' dir='ltr'><strong>Plautus</strong></span> <span class='ocrx_word' id='word_1_147' title='bbox 971 1193 1008 1227; x_wconf 90' lang='lat' dir='ltr'><strong>in</strong></span> <span class='ocrx_word' id='word_1_148' title='bbox 1026 1192 1192 1228; x_wconf 89' lang='lat' dir='ltr'><strong>Pseudol.</strong></span> <span class='ocrx_word' id='word_1_149' title='bbox 1217 1205 1248 1228; x_wconf 91' lang='lat' dir='ltr'><strong>v.</strong></span> <span class='ocrx_word' id='word_1_150' title='bbox 1268 1194 1315 1227; x_wconf 90' lang='grc'><strong>41</strong></span> <span class='ocrx_word' id='word_1_151' title='bbox 1338 1204 1390 1238; x_wconf 91' lang='lat' dir='ltr'><strong>sq.</strong></span> <span class='ocrx_word' id='word_1_152' title='bbox 1410 1192 1529 1227; x_wconf 85' lang='lat' dir='ltr'><strong>fictam</strong></span> 
     </span>
     <span class='ocr_line' id='line_1_18' title="bbox 171 1256 1529 1301; baseline 0 -12"><span class='ocrx_word' id='word_1_153' title='bbox 171 1256 365 1300; x_wconf 84' lang='lat' dir='ltr'><strong>epistulam</strong></span> <span class='ocrx_word' id='word_1_154' title='bbox 400 1256 453 1290; x_wconf 87' lang='lat' dir='ltr'><strong>ita</strong></span> <span class='ocrx_word' id='word_1_155' title='bbox 486 1257 637 1291; x_wconf 89' lang='lat' dir='ltr'><strong>orditur.</strong></span> <span class='ocrx_word' id='word_1_156' title='bbox 670 1276 714 1279; x_wconf 97' lang='lat'><strong>—</strong></span> <span class='ocrx_word' id='word_1_157' title='bbox 746 1257 840 1290; x_wconf 88' lang='lat' dir='ltr'><strong>Nam</strong></span> <span class='ocrx_word' id='word_1_158' title='bbox 874 1256 989 1300; x_wconf 88' lang='lat' dir='ltr'><strong>tituli,</strong></span> <span class='ocrx_word' id='word_1_159' title='bbox 1025 1257 1154 1301; x_wconf 88' lang='lat' dir='ltr'><strong>quibus</strong></span> <span class='ocrx_word' id='word_1_160' title='bbox 1188 1256 1335 1301; x_wconf 89' lang='lat' dir='ltr'><strong>insuper</strong></span> <span class='ocrx_word' id='word_1_161' title='bbox 1363 1256 1529 1290; x_wconf 87' lang='lat' dir='ltr'><strong>heroides</strong></span> 
     </span>
     <span class='ocr_line' id='line_1_19' title="bbox 171 1314 1529 1368; baseline 0 -15"><span class='ocrx_word' id='word_1_162' title='bbox 171 1319 209 1353; x_wconf 88' lang='lat' dir='ltr'><strong>in</strong></span> <span class='ocrx_word' id='word_1_163' title='bbox 241 1319 344 1354; x_wconf 88' lang='lat' dir='ltr'><strong>libris</strong></span> <span class='ocrx_word' id='word_1_164' title='bbox 378 1331 488 1354; x_wconf 89' lang='lat' dir='ltr'><strong>manu</strong></span> <span class='ocrx_word' id='word_1_165' title='bbox 523 1320 666 1365; x_wconf 90' lang='lat' dir='ltr'><strong>scriptis</strong></span> <span class='ocrx_word' id='word_1_166' title='bbox 700 1319 867 1355; x_wconf 88' lang='lat' dir='ltr'><strong>instructi</strong></span> <span class='ocrx_word' id='word_1_167' title='bbox 902 1321 987 1355; x_wconf 88' lang='lat' dir='ltr'><strong>sunt</strong></span> <span class='ocrx_word' id='word_1_168' title='bbox 1020 1315 1140 1367; x_wconf 90' lang='lat' dir='ltr'><strong>(velut</strong></span> <span class='ocrx_word' id='word_1_169' title='bbox 1168 1315 1361 1365; x_wconf 76' lang='lat' dir='ltr'><strong>‘Penelope</strong></span> <span class='ocrx_word' id='word_1_170' title='bbox 1389 1314 1529 1368; x_wconf 81' lang='lat' dir='ltr'><strong>Ulixi’),</strong></span> 
     </span>
     <span class='ocr_line' id='line_1_20' title="bbox 173 1383 1529 1429; baseline -0.001 -11"><span class='ocrx_word' id='word_1_171' title='bbox 173 1384 321 1429; x_wconf 89' lang='lat' dir='ltr'><strong>genuini</strong></span> <span class='ocrx_word' id='word_1_172' title='bbox 355 1384 512 1419; x_wconf 86' lang='lat' dir='ltr'><strong>habendi</strong></span> <span class='ocrx_word' id='word_1_173' title='bbox 546 1396 616 1419; x_wconf 88' lang='lat' dir='ltr'><strong>non</strong></span> <span class='ocrx_word' id='word_1_174' title='bbox 651 1387 736 1419; x_wconf 89' lang='lat' dir='ltr'><strong>sunt</strong></span> <span class='ocrx_word' id='word_1_175' title='bbox 764 1384 807 1418; x_wconf 90' lang='lat' dir='ltr'><strong>de</strong></span> <span class='ocrx_word' id='word_1_176' title='bbox 836 1396 879 1419; x_wconf 88' lang='lat' dir='ltr'><strong>ea</strong></span> <span class='ocrx_word' id='word_1_177' title='bbox 907 1395 1028 1428; x_wconf 88' lang='lat' dir='ltr'><strong>causa,</strong></span> <span class='ocrx_word' id='word_1_178' title='bbox 1063 1384 1173 1429; x_wconf 90' lang='lat' dir='ltr'><strong>quod,</strong></span> <span class='ocrx_word' id='word_1_179' title='bbox 1207 1396 1286 1418; x_wconf 87' lang='lat' dir='ltr'><strong>cum</strong></span> <span class='ocrx_word' id='word_1_180' title='bbox 1316 1384 1392 1418; x_wconf 88' lang='lat' dir='ltr'><strong>sine</strong></span> <span class='ocrx_word' id='word_1_181' title='bbox 1421 1383 1529 1418; x_wconf 88' lang='lat' dir='ltr'><strong>dubio</strong></span> 
     </span>
     <span class='ocr_line' id='line_1_21' title="bbox 172 1438 1529 1494; baseline 0.001 -14"><span class='ocrx_word' id='word_1_182' title='bbox 172 1438 210 1481; x_wconf 79' lang='lat' dir='ltr'><strong>in</strong></span> <span class='ocrx_word' id='word_1_183' title='bbox 238 1448 304 1482; x_wconf 90' lang='lat' dir='ltr'><strong>hac</strong></span> <span class='ocrx_word' id='word_1_184' title='bbox 336 1448 392 1483; x_wconf 91' lang='lat' dir='ltr'><strong>vel</strong></span> <span class='ocrx_word' id='word_1_185' title='bbox 420 1448 483 1482; x_wconf 85' lang='lat' dir='ltr'><strong>illa</strong></span> <span class='ocrx_word' id='word_1_186' title='bbox 512 1448 668 1493; x_wconf 83' lang='lat' dir='ltr'><strong>epistula</strong></span> <span class='ocrx_word' id='word_1_187' title='bbox 689 1448 786 1482; x_wconf 88' lang='lat' dir='ltr'><strong>illius</strong></span> <span class='ocrx_word' id='word_1_188' title='bbox 809 1448 951 1493; x_wconf 87' lang='lat' dir='ltr'><strong>generis</strong></span> <span class='ocrx_word' id='word_1_189' title='bbox 974 1448 1223 1494; x_wconf 87' lang='lat' dir='ltr'><strong>inscriptiones</strong></span> <span class='ocrx_word' id='word_1_190' title='bbox 1246 1447 1405 1493; x_wconf 84' lang='lat' dir='ltr'><strong>poeticas</strong></span> <span class='ocrx_word' id='word_1_191' title='bbox 1428 1459 1529 1482; x_wconf 85' lang='lat' dir='ltr'><strong>usur—</strong></span> 
     </span>
     <span class='ocr_line' id='line_1_22' title="bbox 171 1512 1530 1558; baseline -0.001 -11"><span class='ocrx_word' id='word_1_192' title='bbox 171 1513 314 1558; x_wconf 87' lang='lat' dir='ltr'><strong>paverit</strong></span> <span class='ocrx_word' id='word_1_193' title='bbox 342 1513 450 1558; x_wconf 85' lang='lat' dir='ltr'><strong>Naso,</strong></span> <span class='ocrx_word' id='word_1_194' title='bbox 480 1513 735 1558; x_wconf 85' lang='lat' dir='ltr'><strong>supervacanei</strong></span> <span class='ocrx_word' id='word_1_195' title='bbox 764 1513 801 1547; x_wconf 93' lang='lat' dir='ltr'><strong>in</strong></span> <span class='ocrx_word' id='word_1_196' title='bbox 828 1512 884 1548; x_wconf 92' lang='lat' dir='ltr'><strong>his</strong></span> <span class='ocrx_word' id='word_1_197' title='bbox 912 1513 1056 1558; x_wconf 89' lang='lat' dir='ltr'><strong>quidem</strong></span> <span class='ocrx_word' id='word_1_198' title='bbox 1086 1515 1179 1558; x_wconf 91' lang='lat' dir='ltr'><strong>sunt,</strong></span> <span class='ocrx_word' id='word_1_199' title='bbox 1206 1524 1322 1558; x_wconf 90' lang='lat' dir='ltr'><strong>neque</strong></span> <span class='ocrx_word' id='word_1_200' title='bbox 1337 1521 1407 1547; x_wconf 81' lang='lat' dir='ltr'><strong>&#39;eos</strong></span> <span class='ocrx_word' id='word_1_201' title='bbox 1430 1523 1530 1547; x_wconf 86' lang='lat' dir='ltr'><strong>raros</strong></span> 
     </span>
     <span class='ocr_line' id='line_1_23' title="bbox 170 1576 719 1621; baseline 0.002 -11"><span class='ocrx_word' id='word_1_202' title='bbox 170 1576 312 1611; x_wconf 90' lang='lat' dir='ltr'><strong>additos</strong></span> <span class='ocrx_word' id='word_1_203' title='bbox 341 1587 419 1610; x_wconf 92' lang='lat' dir='ltr'><strong>esse</strong></span> <span class='ocrx_word' id='word_1_204' title='bbox 448 1576 561 1612; x_wconf 87' lang='lat' dir='ltr'><strong>statui</strong></span> <span class='ocrx_word' id='word_1_205' title='bbox 588 1578 719 1621; x_wconf 89' lang='lat' dir='ltr'><strong>potest.</strong></span> 
     </span>
    </p>

    <p class='ocr_par' dir='ltr' id='par_1_4' title="bbox 171 1639 1529 2253">
     <span class='ocr_line' id='line_1_24' title="bbox 236 1639 1527 1686; baseline 0.002 -12"><span class='ocrx_word' id='word_1_206' title='bbox 236 1639 239 1641; x_wconf 78' lang='grc'><strong>’</strong></span> <span class='ocrx_word' id='word_1_207' title='bbox 279 1640 455 1675; x_wconf 87' lang='lat' dir='ltr'><strong>Adhiberi</strong></span> <span class='ocrx_word' id='word_1_208' title='bbox 494 1641 612 1676; x_wconf 90' lang='lat' dir='ltr'><strong>solent</strong></span> <span class='ocrx_word' id='word_1_209' title='bbox 652 1640 844 1686; x_wconf 87' lang='lat' dir='ltr'><strong>epistulae,</strong></span> <span class='ocrx_word' id='word_1_210' title='bbox 885 1652 974 1686; x_wconf 89' lang='lat' dir='ltr'><strong>quas</strong></span> <span class='ocrx_word' id='word_1_211' title='bbox 1008 1652 1051 1675; x_wconf 91' lang='lat' dir='ltr'><strong>ex</strong></span> <span class='ocrx_word' id='word_1_212' title='bbox 1085 1641 1201 1675; x_wconf 90' lang='lat' dir='ltr'><strong>Ponto</strong></span> <span class='ocrx_word' id='word_1_213' title='bbox 1235 1640 1335 1675; x_wconf 88' lang='lat' dir='ltr'><strong>dedit</strong></span> <span class='ocrx_word' id='word_1_214' title='bbox 1368 1640 1527 1676; x_wconf 90' lang='lat' dir='ltr'><strong>Ovidius.</strong></span> 
     </span>
     <span class='ocr_line' id='line_1_25' title="bbox 173 1704 1529 1749; baseline 0.001 -12"><span class='ocrx_word' id='word_1_215' title='bbox 173 1704 367 1738; x_wconf 88' lang='lat' dir='ltr'><strong>Sedtamen</strong></span> <span class='ocrx_word' id='word_1_216' title='bbox 396 1704 540 1739; x_wconf 86' lang='lat' dir='ltr'><strong>differre</strong></span> <span class='ocrx_word' id='word_1_217' title='bbox 570 1705 664 1739; x_wconf 88' lang='lat' dir='ltr'><strong>inter</strong></span> <span class='ocrx_word' id='word_1_218' title='bbox 687 1716 724 1739; x_wconf 90' lang='lat' dir='ltr'><strong>se</strong></span> <span class='ocrx_word' id='word_1_219' title='bbox 747 1707 835 1749; x_wconf 91' lang='lat' dir='ltr'><strong>puto</strong></span> <span class='ocrx_word' id='word_1_220' title='bbox 865 1705 929 1739; x_wconf 87' lang='lat' dir='ltr'><strong>has</strong></span> <span class='ocrx_word' id='word_1_221' title='bbox 953 1707 990 1739; x_wconf 93' lang='lat' dir='ltr'><strong>et</strong></span> <span class='ocrx_word' id='word_1_222' title='bbox 1012 1704 1199 1739; x_wconf 89' lang='lat' dir='ltr'><strong>heroidum</strong></span> <span class='ocrx_word' id='word_1_223' title='bbox 1222 1704 1405 1749; x_wconf 87' lang='lat' dir='ltr'><strong>epistulas.</strong></span> <span class='ocrx_word' id='word_1_224' title='bbox 1450 1704 1529 1738; x_wconf 88' lang='lat' dir='ltr'><strong>Hae</strong></span> 
     </span>
     <span class='ocr_line' id='line_1_26' title="bbox 172 1768 1529 1813; baseline 0.001 -12"><span class='ocrx_word' id='word_1_225' title='bbox 172 1768 267 1801; x_wconf 87' lang='lat' dir='ltr'><strong>enim</strong></span> <span class='ocrx_word' id='word_1_226' title='bbox 306 1768 410 1803; x_wconf 90' lang='lat' dir='ltr'><strong>fictae</strong></span> <span class='ocrx_word' id='word_1_227' title='bbox 450 1770 535 1802; x_wconf 90' lang='lat' dir='ltr'><strong>sunt</strong></span> <span class='ocrx_word' id='word_1_228' title='bbox 573 1768 750 1813; x_wconf 86' lang='lat' dir='ltr'><strong>epistulae</strong></span> <span class='ocrx_word' id='word_1_229' title='bbox 790 1768 967 1813; x_wconf 88' lang='lat' dir='ltr'><strong>simulque</strong></span> <span class='ocrx_word' id='word_1_230' title='bbox 1007 1779 1130 1802; x_wconf 87' lang='lat' dir='ltr'><strong>omnes</strong></span> <span class='ocrx_word' id='word_1_231' title='bbox 1169 1768 1324 1803; x_wconf 88' lang='lat' dir='ltr'><strong>fortasse</strong></span> <span class='ocrx_word' id='word_1_232' title='bbox 1362 1779 1384 1802; x_wconf 91' lang='lat' dir='ltr'><strong>a</strong></span> <span class='ocrx_word' id='word_1_233' title='bbox 1421 1770 1529 1812; x_wconf 87' lang='lat' dir='ltr'><strong>poeta</strong></span> 
     </span>
     <span class='ocr_line' id='line_1_27' title="bbox 173 1830 1528 1877; baseline 0.001 -12"><span class='ocrx_word' id='word_1_234' title='bbox 173 1831 307 1877; x_wconf 84' lang='lat' dir='ltr'><strong>editae3</strong></span> <span class='ocrx_word' id='word_1_235' title='bbox 348 1843 437 1877; x_wconf 87' lang='lat' dir='ltr'><strong>quas</strong></span> <span class='ocrx_word' id='word_1_236' title='bbox 471 1843 513 1866; x_wconf 87' lang='lat' dir='ltr'><strong>ex</strong></span> <span class='ocrx_word' id='word_1_237' title='bbox 549 1832 666 1867; x_wconf 91' lang='lat' dir='ltr'><strong>Ponto</strong></span> <span class='ocrx_word' id='word_1_238' title='bbox 700 1832 800 1867; x_wconf 89' lang='lat' dir='ltr'><strong>misit</strong></span> <span class='ocrx_word' id='word_1_239' title='bbox 835 1830 1000 1876; x_wconf 89' lang='lat' dir='ltr'><strong>Ovidius,</strong></span> <span class='ocrx_word' id='word_1_240' title='bbox 1035 1843 1073 1866; x_wconf 91' lang='lat' dir='ltr'><strong>re</strong></span> <span class='ocrx_word' id='word_1_241' title='bbox 1107 1843 1193 1868; x_wconf 86' lang='lat' dir='ltr'><strong>vera</strong></span> <span class='ocrx_word' id='word_1_242' title='bbox 1226 1832 1413 1877; x_wconf 89' lang='lat' dir='ltr'><strong>epistulari</strong></span> <span class='ocrx_word' id='word_1_243' title='bbox 1447 1832 1528 1867; x_wconf 91' lang='lat' dir='ltr'><strong>usui</strong></span> 
     </span>
     <span class='ocr_line' id='line_1_28' title="bbox 173 1896 1528 1941; baseline 0.001 -11"><span class='ocrx_word' id='word_1_244' title='bbox 173 1896 388 1932; x_wconf 86' lang='lat' dir='ltr'><strong>serviebant.</strong></span> <span class='ocrx_word' id='word_1_245' title='bbox 434 1896 562 1941; x_wconf 86' lang='lat' dir='ltr'><strong>Itaque</strong></span> <span class='ocrx_word' id='word_1_246' title='bbox 596 1908 678 1930; x_wconf 85' lang='lat' dir='ltr'><strong>cum</strong></span> <span class='ocrx_word' id='word_1_247' title='bbox 713 1898 750 1931; x_wconf 91' lang='lat' dir='ltr'><strong>et</strong></span> <span class='ocrx_word' id='word_1_248' title='bbox 783 1896 821 1930; x_wconf 87' lang='lat' dir='ltr'><strong>in</strong></span> <span class='ocrx_word' id='word_1_249' title='bbox 854 1896 926 1931; x_wconf 85' lang='lat' dir='ltr'><strong>illis</strong></span> <span class='ocrx_word' id='word_1_250' title='bbox 961 1896 1124 1941; x_wconf 89' lang='lat' dir='ltr'><strong>epistulis</strong></span> <span class='ocrx_word' id='word_1_251' title='bbox 1159 1909 1177 1931; x_wconf 91' lang='lat' dir='ltr'><strong>e</strong></span> <span class='ocrx_word' id='word_1_252' title='bbox 1205 1896 1321 1931; x_wconf 89' lang='lat' dir='ltr'><strong>Ponto</strong></span> <span class='ocrx_word' id='word_1_253' title='bbox 1355 1897 1450 1932; x_wconf 87' lang='lat' dir='ltr'><strong>datis</strong></span> <span class='ocrx_word' id='word_1_254' title='bbox 1483 1908 1528 1932; x_wconf 91' lang='lat' dir='ltr'><strong>ne</strong></span> 
     </span>
     <span class='ocr_line' id='line_1_29' title="bbox 172 1960 1528 2007; baseline 0.001 -12"><span class='ocrx_word' id='word_1_255' title='bbox 172 1961 242 1995; x_wconf 89' lang='lat' dir='ltr'><strong>duo</strong></span> <span class='ocrx_word' id='word_1_256' title='bbox 272 1960 417 2006; x_wconf 85' lang='lat' dir='ltr'><strong>quidem</strong></span> <span class='ocrx_word' id='word_1_257' title='bbox 446 1960 550 1995; x_wconf 89' lang='lat' dir='ltr'><strong>initia</strong></span> <span class='ocrx_word' id='word_1_258' title='bbox 578 1960 886 2005; x_wconf 86' lang='lat' dir='ltr'><strong>deprehendamus</strong></span> <span class='ocrx_word' id='word_1_259' title='bbox 910 1961 1051 2005; x_wconf 85' lang='lat' dir='ltr'><strong>similia,</strong></span> <span class='ocrx_word' id='word_1_260' title='bbox 1080 1963 1117 1996; x_wconf 91' lang='lat' dir='ltr'><strong>et</strong></span> <span class='ocrx_word' id='word_1_261' title='bbox 1140 1962 1197 1996; x_wconf 93' lang='lat' dir='ltr'><strong>vel</strong></span> <span class='ocrx_word' id='word_1_262' title='bbox 1220 1962 1257 1996; x_wconf 84' lang='lat' dir='ltr'><strong>i&#39;n</strong></span> <span class='ocrx_word' id='word_1_263' title='bbox 1279 1962 1424 1996; x_wconf 85' lang='lat' dir='ltr'><strong>illarum</strong></span> <span class='ocrx_word' id='word_1_264' title='bbox 1445 1962 1528 2007; x_wconf 91' lang='lat' dir='ltr'><strong>plus</strong></span> 
     </span>
     <span class='ocr_line' id='line_1_30' title="bbox 171 2025 1527 2070; baseline 0.001 -11"><span class='ocrx_word' id='word_1_265' title='bbox 171 2027 302 2070; x_wconf 86' lang='lat' dir='ltr'><strong>quarta</strong></span> <span class='ocrx_word' id='word_1_266' title='bbox 330 2027 435 2069; x_wconf 88' lang='lat' dir='ltr'><strong>parte</strong></span> <span class='ocrx_word' id='word_1_267' title='bbox 464 2025 733 2070; x_wconf 88' lang='lat' dir='ltr'><strong>inscriptionem</strong></span> <span class='ocrx_word' id='word_1_268' title='bbox 757 2025 857 2060; x_wconf 88' lang='lat' dir='ltr'><strong>illam</strong></span> <span class='ocrx_word' id='word_1_269' title='bbox 880 2025 1049 2060; x_wconf 88' lang='lat' dir='ltr'><strong>adhibere</strong></span> <span class='ocrx_word' id='word_1_270' title='bbox 1074 2026 1216 2060; x_wconf 89' lang='lat' dir='ltr'><strong>omnino</strong></span> <span class='ocrx_word' id='word_1_271' title='bbox 1238 2026 1396 2061; x_wconf 89' lang='lat' dir='ltr'><strong>noluerit</strong></span> <span class='ocrx_word' id='word_1_272' title='bbox 1418 2026 1527 2070; x_wconf 78' lang='lat' dir='ltr'><strong>Naso,</strong></span> 
     </span>
     <span class='ocr_line' id='line_1_31' title="bbox 172 2089 1527 2136; baseline 0.001 -13"><span class='ocrx_word' id='word_1_273' title='bbox 172 2090 287 2125; x_wconf 88' lang='lat' dir='ltr'><strong>multo</strong></span> <span class='ocrx_word' id='word_1_274' title='bbox 323 2089 441 2136; x_wconf 82' lang='lat' dir='ltr'><strong>magis</strong></span> <span class='ocrx_word' id='word_1_275' title='bbox 477 2090 513 2124; x_wconf 87' lang='lat' dir='ltr'><strong>in</strong></span> <span class='ocrx_word' id='word_1_276' title='bbox 542 2089 780 2135; x_wconf 88' lang='lat' dir='ltr'><strong>epistularum</strong></span> <span class='ocrx_word' id='word_1_277' title='bbox 807 2090 873 2125; x_wconf 75' lang='lat' dir='ltr'><strong>illa</strong></span> <span class='ocrx_word' id='word_1_278' title='bbox 907 2090 997 2124; x_wconf 89' lang='lat' dir='ltr'><strong>serie</strong></span> <span class='ocrx_word' id='word_1_279' title='bbox 1037 2090 1235 2126; x_wconf 84' lang='lat' dir='ltr'><strong>cavendum</strong></span> <span class='ocrx_word' id='word_1_280' title='bbox 1263 2091 1296 2124; x_wconf 92' lang='lat' dir='ltr'><strong>ei</strong></span> <span class='ocrx_word' id='word_1_281' title='bbox 1324 2090 1434 2125; x_wconf 87' lang='lat' dir='ltr'><strong>fuisse</strong></span> <span class='ocrx_word' id='word_1_282' title='bbox 1463 2102 1527 2134; x_wconf 87' lang='lat' dir='ltr'><strong>pu-</strong></span> 
     </span>
     <span class='ocr_line' id='line_1_32' title="bbox 171 2154 1527 2200; baseline 0 -12"><span class='ocrx_word' id='word_1_283' title='bbox 171 2154 323 2189; x_wconf 87' lang='lat' dir='ltr'><strong>tandum</strong></span> <span class='ocrx_word' id='word_1_284' title='bbox 342 2156 408 2198; x_wconf 85' lang='lat' dir='ltr'><strong>est,</strong></span> <span class='ocrx_word' id='word_1_285' title='bbox 426 2166 471 2190; x_wconf 91' lang='lat' dir='ltr'><strong>ne</strong></span> <span class='ocrx_word' id='word_1_286' title='bbox 489 2155 686 2189; x_wconf 82' lang='lat' dir='ltr'><strong>communis</strong></span> <span class='ocrx_word' id='word_1_287' title='bbox 705 2157 907 2190; x_wconf 84' lang='lat' dir='ltr'><strong>structurae</strong></span> <span class='ocrx_word' id='word_1_288' title='bbox 920 2155 1178 2200; x_wconf 86' lang='lat' dir='ltr'><strong>aequabilitate</strong></span> <span class='ocrx_word' id='word_1_289' title='bbox 1191 2155 1343 2190; x_wconf 89' lang='lat' dir='ltr'><strong>lectores</strong></span> <span class='ocrx_word' id='word_1_290' title='bbox 1355 2155 1527 2199; x_wconf 86' lang='lat' dir='ltr'><strong>languore</strong></span> 
     </span>
     <span class='ocr_line' id='line_1_33' title="bbox 171 2217 583 2253; baseline 0.002 -2"><span class='ocrx_word' id='word_1_291' title='bbox 171 2218 333 2252; x_wconf 88' lang='lat' dir='ltr'><strong>afficeret</strong></span> <span class='ocrx_word' id='word_1_292' title='bbox 361 2229 402 2251; x_wconf 87' lang='lat' dir='ltr'><strong>ac</strong></span> <span class='ocrx_word' id='word_1_293' title='bbox 425 2217 583 2253; x_wconf 87' lang='lat' dir='ltr'><strong>fastidio.</strong></span> 
     </span>
    </p>

    <p class='ocr_par' dir='ltr' id='par_1_5' title="bbox 172 2280 1528 2521">
     <span class='ocr_line' id='line_1_34' title="bbox 279 2280 1527 2327; baseline 0 -11"><span class='ocrx_word' id='word_1_294' title='bbox 279 2281 357 2317; x_wconf 92' lang='lat' dir='ltr'><strong>Hoc</strong></span> <span class='ocrx_word' id='word_1_295' title='bbox 386 2283 510 2317; x_wconf 89' lang='lat' dir='ltr'><strong>autem</strong></span> <span class='ocrx_word' id='word_1_296' title='bbox 538 2281 768 2317; x_wconf 89' lang='lat' dir='ltr'><strong>statuendum</strong></span> <span class='ocrx_word' id='word_1_297' title='bbox 799 2284 863 2327; x_wconf 88' lang='lat' dir='ltr'><strong>est,</strong></span> <span class='ocrx_word' id='word_1_298' title='bbox 893 2294 974 2317; x_wconf 89' lang='lat' dir='ltr'><strong>eum</strong></span> <span class='ocrx_word' id='word_1_299' title='bbox 1003 2281 1055 2317; x_wconf 90' lang='lat' dir='ltr'><strong>ita</strong></span> <span class='ocrx_word' id='word_1_300' title='bbox 1080 2281 1257 2327; x_wconf 86' lang='lat' dir='ltr'><strong>epistulae</strong></span> <span class='ocrx_word' id='word_1_301' title='bbox 1280 2280 1434 2316; x_wconf 86' lang='lat' dir='ltr'><strong>formam</strong></span> <span class='ocrx_word' id='word_1_302' title='bbox 1457 2292 1527 2316; x_wconf 91' lang='lat' dir='ltr'><strong>ser-</strong></span> 
     </span>
     <span class='ocr_line' id='line_1_35' title="bbox 172 2345 1528 2391; baseline -0.001 -10"><span class='ocrx_word' id='word_1_303' title='bbox 172 2358 292 2391; x_wconf 86' lang='lat' dir='ltr'><strong>vasse,</strong></span> <span class='ocrx_word' id='word_1_304' title='bbox 326 2349 368 2381; x_wconf 91' lang='lat' dir='ltr'><strong>ut</strong></span> <span class='ocrx_word' id='word_1_305' title='bbox 397 2347 472 2382; x_wconf 89' lang='lat' dir='ltr'><strong>sive</strong></span> <span class='ocrx_word' id='word_1_306' title='bbox 502 2347 690 2382; x_wconf 89' lang='lat' dir='ltr'><strong>scribentis</strong></span> <span class='ocrx_word' id='word_1_307' title='bbox 719 2347 923 2382; x_wconf 83' lang='lat' dir='ltr'><strong>condicione</strong></span> <span class='ocrx_word' id='word_1_308' title='bbox 952 2346 1154 2382; x_wconf 86' lang='lat' dir='ltr'><strong>accuratius</strong></span> <span class='ocrx_word' id='word_1_309' title='bbox 1182 2345 1325 2390; x_wconf 82' lang='lat' dir='ltr'><strong>depicta</strong></span> <span class='ocrx_word' id='word_1_310' title='bbox 1353 2346 1427 2381; x_wconf 87' lang='lat' dir='ltr'><strong>sive</strong></span> <span class='ocrx_word' id='word_1_311' title='bbox 1457 2346 1528 2381; x_wconf 91' lang='lat' dir='ltr'><strong>alia</strong></span> 
     </span>
     <span class='ocr_line' id='line_1_36' title="bbox 172 2409 1528 2459; baseline 0 -13"><span class='ocrx_word' id='word_1_312' title='bbox 172 2424 210 2446; x_wconf 87' lang='lat' dir='ltr'><strong>re</strong></span> <span class='ocrx_word' id='word_1_313' title='bbox 243 2413 525 2447; x_wconf 83' lang='lat' dir='ltr'><strong>commemorata</strong></span> <span class='ocrx_word' id='word_1_314' title='bbox 558 2412 711 2447; x_wconf 88' lang='lat' dir='ltr'><strong>lectores</strong></span> <span class='ocrx_word' id='word_1_315' title='bbox 740 2411 920 2446; x_wconf 85' lang='lat' dir='ltr'><strong>Romanos</strong></span> <span class='ocrx_word' id='word_1_316' title='bbox 953 2411 990 2446; x_wconf 92' lang='lat' dir='ltr'><strong>in</strong></span> <span class='ocrx_word' id='word_1_317' title='bbox 1021 2411 1129 2445; x_wconf 87' lang='lat' dir='ltr'><strong>rebus</strong></span> <span class='ocrx_word' id='word_1_318' title='bbox 1157 2409 1410 2459; x_wconf 85' lang='lat' dir='ltr'><strong>mythologicis</strong></span> <span class='ocrx_word' id='word_1_319' title='bbox 1439 2411 1528 2447; x_wconf 84' lang='lat' dir='ltr'><strong>satis</strong></span> 
     </span>
     <span class='ocr_line' id='line_1_37' title="bbox 172 2475 1124 2521; baseline -0.003 -10"><span class='ocrx_word' id='word_1_320' title='bbox 172 2478 334 2511; x_wconf 86' lang='lat' dir='ltr'><strong>versatos</strong></span> <span class='ocrx_word' id='word_1_321' title='bbox 363 2476 406 2510; x_wconf 90' lang='lat' dir='ltr'><strong>de</strong></span> <span class='ocrx_word' id='word_1_322' title='bbox 436 2476 598 2521; x_wconf 83' lang='lat' dir='ltr'><strong>personis</strong></span> <span class='ocrx_word' id='word_1_323' title='bbox 627 2476 751 2511; x_wconf 83' lang='lat' dir='ltr'><strong>statim</strong></span> <span class='ocrx_word' id='word_1_324' title='bbox 780 2475 951 2511; x_wconf 88' lang='lat' dir='ltr'><strong>certiores</strong></span> <span class='ocrx_word' id='word_1_325' title='bbox 980 2476 1124 2510; x_wconf 80' lang='lat' dir='ltr'><strong>faceret.</strong></span> 
     </span>
    </p>
   </div>
  </div>
 </body>
</html>
