1745 2813
747 87 1007 126 -42-

192 195 338 240 gnanda
371 194 540 229 videntur
572 206 651 230 esse
679 195 839 231 Nasoni?
873 207 990 231 nonne
1025 197 1181 241 perbene
1210 184 1406 233 sectatores
1434 198 1551 234 imita-

192 261 361 305 toresque
402 258 479 294 eius
518 261 698 295 noverunt
734 259 947 296 Ovidianum
990 262 1216 297 sermonem?
1271 261 1323 297 At
1357 274 1403 297 ne
1441 263 1552 298 ullam

192 323 337 368 quidem
376 323 624 359 similitudinis
665 325 820 369 speciem
853 326 948 361 inter
981 327 1175 372 utrumque
1211 337 1289 362 esse
1322 326 1441 361 locum
1473 327 1553 362 luce

192 389 324 424 clarius
347 391 460 435 patet.
484 408 536 414 —
559 389 723 434 Itemque
753 390 867 426 falsus
896 392 952 426 est
979 390 1086 426 homo
1110 391 1246 437 doctus,
1275 393 1317 426 ut
1338 391 1406 426 hoc
1429 390 1553 426 statim

192 453 335 498 addam,
363 465 443 488 cum
472 466 504 489 v.
522 453 599 499 XX,
621 455 695 489 135
715 465 766 499 sq.
796 455 1016 490 miserrimos
1045 455 1203 491 retineat
1225 456 1271 490 ob
1295 467 1375 490 eam
1396 466 1552 500 causam,

192 518 288 563 quod
321 518 475 563 profecti
510 529 588 554 esse
622 518 815 565 videantur
849 531 891 554 ex
922 519 1106 565 Euripidis
1139 520 1260 566 aliquo
1295 520 1383 556 1000.
1427 520 1552 565 Neque

192 582 287 615 enim
317 582 347 616 si
378 582 524 627 quidem
554 582 752 618 similitudo
782 585 838 619 est
865 583 961 618 inter
983 594 1108 618 versus
1131 584 1213 618 illos
1237 586 1274 619 et
1295 584 1381 632 Eur.
1406 583 1550 628 Hippol.

193 647 286 690 612,
316 645 383 681 1100
410 645 573 692 impedit,
600 646 790 692 quominus
819 658 879 682 eos
907 648 1035 692 postea
1061 646 1217 683 insertos
1246 658 1323 683 esse
1352 649 1551 693 statuatur3

192 710 295 754 quasi
330 711 559 756 grammatici
586 711 639 745 ita
666 712 803 746 fuerint
830 713 996 756 expertes
1024 711 1245 757 litterarum,
1280 713 1322 746 ut
1349 712 1452 746 illum
1479 712 1550 746 Eu-

193 773 319 818 ripidis
348 774 468 810 locum
490 774 782 820 famosissimum,
811 774 873 821 qui
895 776 993 810 certe
1016 775 1054 811 in
1075 775 1127 810 cis
1149 774 1221 811 fuit
1242 775 1440 821 versiculis,
1462 786 1551 821 quos

195 838 254 872 vel
283 838 419 874 tirones
448 839 686 884 edidicerunt,
714 851 786 874 non
812 838 976 875 nossent!

301 902 385 937 Non
408 903 456 938 sit
478 901 633 937 forsitan
650 903 871 938 haerendum
887 904 925 938 in
941 916 975 940 v.
996 906 1056 949 69,
1077 906 1126 940 70
1144 904 1309 950 dictione,
1333 906 1372 939 at
1389 905 1552 950 exempla

191 966 270 1011 ipsa
297 978 427 1011 parum
454 967 583 1002 idonea
606 967 745 1002 ratione
769 968 885 1003 electa
908 970 1002 1003 sunt.
1051 968 1109 1003 An
1133 980 1176 1003 ea
1198 980 1300 1014 quae,
1328 970 1370 1003 ut
1393 968 1550 1004 Hesione

192 1033 229 1065 et
250 1030 397 1076 Briseis,
426 1031 569 1076 captiva
597 1031 796 1077 deducitur,
826 1043 891 1067 sua
920 1034 1046 1077 sponte
1075 1032 1152 1068 viro
1177 1044 1214 1068 se
1238 1032 1400 1077 tradidit,
1428 1034 1492 1067 aut
1518 1033 1551 1067 ei

191 1095 365 1130 victorem
393 1107 465 1130 non
493 1095 593 1140 sequi
622 1095 747 1130 licuit?
791 1095 843 1130 At
866 1094 1030 1141 Cydippa
1053 1097 1177 1132 oratur
1199 1098 1307 1142 atque
1331 1096 1551 1142 obsecratur,

191 1161 232 1194 ut
256 1160 352 1194 ultro
377 1159 532 1204 excipiat
555 1159 758 1194 Acontium.
804 1159 933 1204 Itaque
956 1159 1034 1194 iure
1057 1159 1237 1195 distichon
1258 1160 1296 1194 in
1313 1160 1551 1205 suspicionem

191 1222 335 1257 vocavit
363 1222 569 1267 Diltheyus.

300 1286 464 1332 Itemque
487 1298 580 1332 quae
606 1288 815 1323 101—106
841 1287 1042 1321 afferuntur
1065 1287 1239 1332 exempla,
1262 1287 1391 1332 quibus
1413 1288 1549 1324 Dianae

190 1345 396 1385 illhstretur
411 1351 476 1396 ira,
495 1352 559 1385 aut
575 1351 696 1396 inepte
714 1353 778 1386 aut
794 1352 891 1386 certe
909 1350 985 1386 sine
1002 1351 1078 1385 ulla
1096 1362 1205 1385 causa
1215 1351 1443 1388 adhibentur.
1471 1352 1549 1387 Pri-

191 1427 292 1449 mum
310 1415 404 1449 enim
422 1415 601 1450 distichon
617 1426 689 1449 non
701 1403 838 1468 DiJnae
857 1415 919 1449 sed
931 1414 1109 1450 Althaeae
1128 1416 1274 1450 enarrat
1290 1415 1392 1452 iram.
1428 1416 1564 1461 Atque,

192 1479 221 1514 si
239 1479 306 1513 hoc
324 1478 475 1524 deletur,
493 1479 563 1514 duo
582 1490 723 1524 quoque
743 1471 833 1524 quae
851 1480 1049 1524 sequuntur
1066 1479 1259 1514 resecanda
1271 1481 1364 1523 sunt,
1382 1480 1549 1525 quoniam

190 1543 372 1578 artissime
395 1554 477 1577 cum
499 1543 562 1577 1110
580 1542 857 1588 coniunguntur.
897 1543 1022 1588 Neque
1042 1543 1206 1588 proxima
1221 1545 1333 1579 verba
1350 1544 1396 1578 ad
1412 1544 1477 1578 illa
1493 1556 1548 1579 re-

189 1607 367 1651 feruntur,
396 1606 506 1641 immo
529 1618 561 1640 v.
584 1607 657 1641 107
691 1606 866 1641 Acontius
889 1606 1157 1652 cogitationem,
1188 1618 1279 1651 quae
1302 1608 1359 1641 est
1380 1607 1418 1641 in
1434 1620 1467 1643 v.
1488 1609 1548 1652 99,

194 1672 286 1716 100,
320 1670 539 1715 amplificare
574 1670 694 1715 pergit
722 1672 760 1705 et
787 1670 824 1705 in
856 1669 1041 1715 Cydippae
1069 1670 1267 1705 transferre
1296 1666 1546 1707 condicionem.

299 1734 444 1769 Tertius
483 1734 599 1778 locus,
644 1734 707 1768 ubi
745 1734 837 1768 false
877 1734 1081 1779 exemplum
1120 1733 1204 1768 addi
1245 1736 1342 1768 recte
1381 1735 1549 1780 cognovit

190 1798 400 1844 Diltheyus,
432 1799 488 1833 est
516 1798 593 1844 XX,
613 1800 721 1844 9,10.
767 1797 852 1833 Alia
880 1798 975 1833 enim
1004 1809 1112 1833 causa
1140 1799 1219 1833 erat
1246 1797 1448 1844 Hippolyti,
1477 1799 1549 1835 alia

191 1864 247 1897 est
269 1862 424 1897 Acontii.
469 1862 588 1908 Atque
619 1863 693 1898 sine
728 1862 836 1897 dubio
871 1862 1028 1907 optimus
1060 1864 1115 1897 est
1144 1862 1404 1898 sententiarum
1434 1875 1547 1900 nexus

190 1926 319 1962 deletis
348 1926 421 1960 illis
443 1927 619 1971 versibus,
647 1938 800 1971 quorum
822 1926 922 1971 prior
945 1926 1144 1961 sententiae
1166 1938 1238 1961 non
1262 1926 1407 1962 videtur
1429 1929 1546 1973 aptus

298 1989 434 2024 Versus
469 1989 565 2034 XIX,
584 1991 633 2024 97
652 2001 703 2034 sq.
732 1992 774 2024 ut
807 2001 888 2024 cum
915 1985 1087 2035 Diltheyo
1116 1990 1469 2036 circumscribantur,
1504 2003 1547 2027 ea

191 2054 324 2089 sufficit
353 2064 476 2098 causa,
510 2053 605 2098 quod
640 2055 809 2097 repetunt
841 2053 963 2098 priora
993 2054 1104 2089 verba
1133 2050 1181 2100 (v.
1202 2056 1249 2089 19
1265 2050 1343 2101 sq.).
1388 2055 1546 2100 Accedit,

189 2117 285 2163 quod
313 2117 592 2162 haudquaquam
624 2116 814 2153 dicendum
847 2119 926 2153 erat
960 2114 1064 2153 evidit
1097 2129 1178 2153 cum
1205 2120 1246 2153 tu
1273 2119 1412 2162 decepta
1440 2119 1544 2154 rube-

189 2178 280 2227 bas’,
320 2182 389 2227 sed,
423 2181 466 2216 de
505 2181 583 2226 'mso
622 2181 701 2216 iure
734 2181 885 2217 iurando
921 2193 944 2216 a
978 2182 1045 2217 dea
1077 2181 1200 2217 audito
1233 2182 1372 2217 moneri
1411 2181 1545 2219 debuit.

189 2246 315 2291 Neque
344 2245 440 2280 enim
469 2245 611 2280 omnino
640 2256 747 2280 causa
776 2248 842 2291 est,
871 2258 934 2281 cur
962 2246 1005 2281 de
1034 2246 1161 2281 fraude
1190 2257 1255 2281 sua
1277 2246 1388 2281 verba
1410 2247 1547 2282 faceret

188 2309 380 2346 Acontius.
414 2320 455 2344 ac
488 2320 533 2343 ne
567 2320 691 2344 vocem
724 2310 868 2354 quidem
905 2306 1131 2355 ‘decipiendi'
1165 2310 1333 2354 usurpari
1365 2310 1466 2345 licuit
1499 2311 1544 2346 ab

188 2374 276 2418 ipso.
326 2373 524 2408 Praeterea
556 2373 623 2408 1100
656 2385 797 2419 quoque
831 2374 1009 2409 distichon
1042 2373 1246 2408 adnectitur
1276 2374 1321 2409 ad
1349 2374 1544 2419 genuinum

189 2437 341 2483 proximi
369 2448 495 2472 versus
524 2437 738 2473 vocabulum
768 2434 872 2472 ε(10113.
