1745 2813
735 133 774 137 ,-
836 111 885 148 67
952 133 990 136 -

186 221 283 259 dicit.
335 220 516 265 Scriptum
538 219 634 254 enim
655 219 819 255 videmus
848 208 889 256 v}
905 221 954 256 39
985 216 1092 256 ‘sicut
1115 223 1282 266 oporteat
1304 216 1416 265 arcu’,
1438 220 1540 255 cuius

184 285 363 323 enuntiati
390 295 459 320 vox
484 280 598 319 ‘arcu’
621 283 773 319 maxime
796 285 944 330 propter
966 285 1169 329 proximum
1191 281 1403 322 ‘missilibus
1428 281 1538 325 telis’‚

183 361 337 398 quocum
357 360 432 383 non
452 347 691 393 coniungitur,
715 348 951 393 suspicionem
974 352 1104 384 movet.
1144 349 1267 395 Neque
1290 350 1537 385 coniunctivus

182 416 274 451 bene
295 412 532 459 intellegitur.
590 410 750 459 Cumque
777 423 822 447 ne
844 411 924 458 ipsa
945 413 1088 459 quidem
1113 414 1211 448 notio
1234 410 1439 459 ‘oportere',
1467 426 1537 460 quo

182 480 260 514 iure
276 478 443 522 ponatur,
460 464 691 511 manifestum
709 475 766 520 sit,
783 476 829 510 ab
841 475 1099 521 interpolatore
1119 477 1238 521 aliquo
1249 479 1446 513 tractatum
1456 490 1535 513 ver-

184 554 263 578 sum
279 551 358 577 esse
374 541 473 585 puto.
507 538 601 581 Quid
616 539 725 575 antea
741 539 914 584 scriptum
929 539 1049 584 fuerit,
1072 541 1169 575 certo
1187 541 1312 576 coniici
1328 542 1388 576 vix
1405 543 1535 587 potest.

289 605 333 641 In
359 616 393 639 v.
417 604 467 639 53
490 604 645 638 fortasse
673 603 879 648 accipienda
906 605 963 639 est
990 604 1132 639 Francii
1160 606 1363 641 coniectura
1391 602 1441 642 ein
1469 618 1536 641 me-

185 672 254 707 diis
285 678 488 705 ‘nemorosae
519 667 676 703 vallibus
709 663 820 712 Idae',
854 667 950 712 quod
980 667 1097 714 magis
1124 668 1263 715 poetico
1292 670 1446 705 sermoni
1474 682 1534 716 ap-

181 737 260 770 tum
298 744 376 768 esse
412 732 556 766 videtur
595 727 656 777 (cf.
691 743 722 766 a.
746 743 777 766 a.
806 731 839 776 I,
865 726 971 779 289).
1031 731 1156 777 Neque
1196 732 1336 778 dubito,
1378 734 1464 779 quin
1499 735 1535 769 in

183 810 215 834 v.
235 799 285 833 60
313 796 457 832 conatis
483 807 552 831 am.
574 796 623 843 11,
647 797 682 841 2,
703 796 769 840 203
802 786 904 836 Fastss
924 795 991 840 III,
1017 797 1092 830 662
1123 796 1167 831 al.
1191 796 1213 830 1.
1242 807 1329 831 vera
1356 797 1461 832 lectio
1489 799 1535 832 ab

183 861 332 898 Heinsio
360 860 508 896 inventa
537 859 584 895 sit
612 856 705 896 ‘veri
731 859 791 895 vix
812 859 983 894 habitura
1004 855 1126 894 fidem'
1148 871 1214 905 pro
1237 860 1416 905 particula
1438 863 1535 897 certe

185 926 279 961 falsa
317 921 441 969 ‘vero',
475 935 582 969 quam
620 924 797 969 praebent
812 915 817 919 ¹
834 922 928 958 libri.
994 922 1159 968 Itemque
1196 923 1236 958 in
1272 936 1304 959 v.
1337 926 1384 960 75
1424 937 1534 960 unum

185 989 280 1035 quod
303 988 474 1024 Heinsius
501 988 656 1024 correxit
684 983 878 1032 ‘querebar'
908 983 969 1036 (cf.
988 999 1041 1033 ep.
1064 987 1161 1032 XIV,
1186 988 1254 1034 823
1281 988 1415 1034 XVIII,
1442 991 1534 1034 1353

183 1065 269 1089 rem.
298 1064 367 1089 am.
398 1049 492 1101 644)
527 1064 570 1088 ex
603 1054 682 1088 tota
715 1052 786 1087 loci
822 1052 1003 1087 sententia
1039 1063 1165 1088 sanum
1198 1053 1349 1098 praebet
1383 1064 1536 1099 sensum,

181 1129 253 1153 non
285 1130 355 1163 quo
388 1117 537 1154 verendi
569 1117 721 1152 verbum
754 1127 836 1152 cum
870 1116 1072 1152 accusativo
1102 1118 1139 1152 et
1166 1117 1341 1153 infinitivo
1369 1118 1536 1164 coniungi

180 1193 311 1228 negem
346 1179 406 1228 (cf.
436 1182 496 1216 Tr.
519 1182 547 1226 I,
573 1184 611 1226 1,
632 1182 725 1226 1243
758 1181 797 1215 F.
820 1181 848 1225 I,
873 1176 985 1229 267),
1020 1181 1082 1216 sed
1115 1181 1199 1226 quia
1227 1181 1330 1217 Paris
1364 1183 1533 1227 quoniam

181 1247 280 1282 certo
304 1245 440 1282 sciebat
461 1257 532 1281 non
554 1256 659 1291 posse
684 1256 806 1281 omnes
829 1245 970 1281 vincere
993 1245 1060 1280 hoc
1082 1256 1153 1280 non
1175 1248 1326 1291 veretur,
1350 1245 1413 1281 sed
1436 1247 1534 1282 dolel.

181 1310 271 1346 Orta
294 1313 350 1346 est
371 1311 526 1346 fortasse
549 1310 753 1356 corruptela
774 1310 868 1354 inde,
890 1310 984 1356 quod
1002 1310 1181 1346 in‘codice
1199 1311 1354 1356 quodam
1376 1313 1440 1346 aut
1460 1323 1534 1347 una

180 1374 306 1410 littera
328 1374 474 1410 evanuit
497 1374 556 1410 vel
579 1374 711 1409 omissa
728 1375 784 1409 est
801 1375 865 1409 aut
883 1374 1057 1419 scriptum
1074 1376 1153 1409 erat
1169 1376 1442 1419 iudexquerebar
1459 1376 1531 1421 syl-

138 1479 142 1482 ,
181 1439 265 1474 laba
282 1450 345 1483 que
363 1440 474 1475 semel
490 1440 633 1475 tantum
651 1438 794 1483 scripta,
812 1441 853 1474 ut
869 1439 974 1474 facile
991 1438 1065 1484 legi
1081 1440 1205 1483 posset
1223 1440 1356 1483 iudexq.
1374 1442 1532 1476 uerebar.

287 1502 331 1536 In
358 1515 391 1538 v.
418 1504 491 1538 118
527 1502 754 1537 scribendum
787 1513 864 1537 esse
898 1503 1035 1537 lubebat
1067 1502 1195 1537 docent
1228 1503 1392 1547 proxima
1419 1504 1531 1539 verba

180 1576 258 1601 mea
289 1569 380 1602 vota.
436 1565 649 1611 Corruptela
686 1566 800 1611 igitur
838 1568 894 1601 est
931 1567 1084 1610 iubebat,
1123 1565 1218 1610 quod
1257 1566 1368 1602 habet
1400 1567 1530 1612 fragm.

181 1629 314 1675 Pauu,
353 1631 391 1665 et
430 1631 635 1666 coniectura
673 1629 871 1666 editionum
908 1630 1016 1665 lectio
1054 1631 1206 1666 iubebar.
1268 1631 1388 1676 Atque
1421 1632 1531 1667 etiam

179 1695 274 1740 quod
307 1694 345 1730 in
376 1707 409 1730 v.
435 1696 510 1731 136
544 1695 718 1740 praebent
757 1694 932 1730 editiones
971 1695 1107 1740 primae
1141 1697 1330 1732 intonuisse
1361 1696 1531 1732 mendum

179 1759 323 1794 videtur
356 1770 450 1805 esse,
484 1771 565 1795 cum
598 1759 726 1805 fragm.
756 1758 873 1797 Paull.
905 1760 1147 1796 coniecturam
1174 1760 1308 1795 habeat
1335 1761 1529 1805 incaluisse,

178 1835 269 1868 quae
301 1823 446 1868 quidem
478 1822 602 1858 dubito
636 1834 683 1858 an
710 1823 848 1868 Micylli
881 1823 1026 1859 invento
1061 1825 1266 1859 intumuisse
1292 1824 1529 1869 praeferenda

179 1874 236 1922 sit.
276 1887 415 1932 Augeri
438 1898 523 1921 sane
545 1888 698 1932 possunt
718 1887 757 1921 hi
772 1887 856 1922 loci:
880 1888 980 1922 velut
997 1899 1067 1922 non
1098 1887 1233 1931 dubito,
1256 1888 1342 1932 quin
1360 1887 1527 1923 Heinsius*

178 1953 275 1986 recte
303 1950 505 1986 restituerit
531 1950 569 1985 in
596 1962 629 1986 v.
653 1951 703 1986 86
725 1951 910 1995 pulchrior
936 1952 1017 1995 ipsa
1045 1947 1125 1999 (pro
1148 1946 1238 1999 illa),
1270 1952 1345 1986 120
1360 1953 1427 1995 pia
1449 1962 1528 1986 voce

111 2024 120 2030 ·
179 2010 274 2062 (viae
300 2011 411 2062 voce),
445 2017 483 2049 et
516 2027 548 2050 v.
573 2016 623 2050 50
658 2015 885 2050 scribendum
914 2015 962 2050 sit
988 2018 1159 2058 utcunque
1186 2018 1234 2050 est
1260 2011 1343 2060 (pro
1370 2018 1409 2050 ut
1434 2027 1527 2051 nunc

178 2074 255 2127 est),
283 2078 346 2114 sed
373 2090 417 2113 ne
446 2089 570 2115 versus
597 2089 729 2124 pravos
758 2078 996 2125 elegantiores
1019 2078 1167 2114 reddere
1189 2077 1313 2113 videar
1335 2078 1526 2125 studuisse,

177 2142 242 2178 hos
276 2155 366 2189 quos
399 2144 494 2179 inter
527 2155 650 2179 omnes
678 2145 820 2179 constat
847 2144 943 2179 locos
971 2145 1158 2188 corruptos
1186 2154 1265 2178 esse
1294 2143 1381 2178 satis
1410 2143 1524 2180 habeo

177 2207 353 2243 attulisse.
409 2208 544 2243 Audies
571 2208 677 2253 plura
705 2209 813 2253 atque
842 2207 951 2243 etiam
978 2207 1154 2252 graviora.

284 2271 374 2308 Post
402 2284 434 2308 v.
459 2273 511 2308 50
538 2272 711 2307 excidisse
739 2271 929 2307 nonnullos
957 2282 1092 2315 versus,
1120 2270 1250 2316 quibus
1272 2270 1383 2306 Paris*
1404 2282 1442 2306 se
1465 2283 1524 2307 ex-

179 2335 338 2380 positum
366 2338 404 2371 et
430 2347 453 2371 a
479 2336 684 2381 pastoribus
713 2336 902 2371 educatum
930 2346 1007 2370 esse
1034 2334 1251 2380 narraverit,
1281 2335 1364 2370 inde
1391 2347 1414 2370 a
1442 2336 1526 2372 Sca·

176 2399 291 2447 ligero
331 2400 377 2436 ab
416 2399 619 2435 hominibus
659 2399 771 2435 doctis
809 2410 874 2445 pro
914 2400 1011 2434 certo
1045 2398 1210 2436 habetur.
1263 2398 1413 2455 'Neque'
1430 2394 1525 2435 enim

177 2465 290 2502 statui
316 2477 422 2513 posse
449 2466 538 2513 puto
565 2466 719 2512 poetam,
747 2464 842 2510 quod
868 2463 959 2500 nihil
985 2463 1055 2511 nisi
1082 2464 1201 2510 capita
1229 2476 1351 2500 rerum
1373 2476 1526 2502 comme·

1223 2525 1266 2558 5*
