1745 2813
743 88 1008 126 ..39-

303 197 577 244 Interpolatoris
611 198 735 232 autem
768 198 853 231 sunt
879 196 924 241 V,
949 197 1026 232 140
1044 208 1112 241 sq.,
1146 197 1208 241 qui
1239 207 1364 232 versus
1392 197 1474 230 inde
1502 197 1548 230 ab

196 262 345 298 Heinsio
373 262 540 297 delentur
548 257 590 309 ¹).
1294 252 1301 258 ’

302 336 482 385 Versuum
504 336 666 380 ipsorum
687 334 807 379 dictio,
829 335 1084 380 praeterquam
1107 333 1202 378 quod
1219 346 1252 369 v.
1273 335 1348 369 140
1364 335 1555 379 profectus

197 411 275 435 esse
308 399 451 435 videtur
485 411 529 434 ex
562 411 616 444 ep.
639 398 703 444 IV,
729 400 823 444 1003
859 399 931 433 141
958 409 1025 443 sq.,
1053 409 1096 433 ex
1123 397 1361 443 complurium
1388 399 1548 434 locorum

195 463 383 499 memoria·
400 464 502 499 velut
535 474 588 508 ep.
612 463 675 505 XI,
699 464 765 508 923
794 474 826 497 a.
844 474 874 497 a.
893 462 940 507 ΙΙ,
969 463 1064 507 452;
1099 474 1168 497 am.
1185 462 1253 508 III,
1273 464 1307 508 6,
1325 464 1393 507 483
1423 465 1496 498 143
1528 475 1546 497 e

196 527 275 562 Tib.
293 527 321 572 Ι,
341 529 375 572 3,
394 528 445 562 90
458 538 519 573 sq.,
542 527 632 562 nihil
654 527 730 562 fere
754 527 918 572 offendit3
942 526 1128 562 sedtamen
1151 526 1332 561 sententia
1353 526 1432 571 ipsa
1453 527 1545 571 prio-

193 590 294 624 ribus
321 590 485 624 versibus
508 590 689 625 contraria
710 593 767 625 est
790 587 850 636 (cf.
874 590 1032 624 Palmeri
1054 586 1167 637 edit).
1213 591 1326 625 Paulo
1350 592 1458 625 antea
1481 590 1547 624 Oe-

194 664 286 689 none
325 641 466 689 dixer'at
504 665 582 689 sese
617 650 772 689 ‘fallenti
805 649 951 689 marito’
992 649 1150 688 ‘manere
1185 649 1346 699 eastam',
1385 652 1548 698 quamvis

195 728 300 763 saepe
341 717 409 752 sibi
447 718 600 753 facultas
641 718 728 753 data
761 718 824 764 sit,
857 720 899 753 ut
933 717 1068 752 eisdem
1101 728 1182 752 cum
1214 716 1344 752 Paride
1378 713 1548 763 ‘legibus’

193 782 319 815 utatur
342 776 436 829 (133
456 793 507 827 sq.
516 777 577 829 2)).
615 782 693 817 Hoc
715 783 793 817 loco
816 782 928 828 igitur
950 781 1062 817 iactat
1085 792 1123 816 se
1146 781 1183 815 in
1205 781 1274 815 fide
1298 792 1363 816 sua
1383 783 1419 816 et
1443 780 1547 815 casti-

193 846 285 890 tate,
319 856 409 890 quae
440 846 499 880 vel
527 845 610 881 deos
639 846 897 892 repudiaverit:
931 846 1040 891 paulo
1068 847 1153 891 post
1180 845 1402 880 contrarium
1429 845 1547 889 ipsum

194 919 274 942 eam
306 897 452 944 dixisse*
470 910 602 957 putas?
652 911 778 955 Neque
817 912 940 945 autem
974 921 1051 945 sese
1084 911 1222 944 castam
1256 921 1383 944 vocare
1416 909 1546 953 potuit,

193 971 287 1016 quod
314 983 386 1006 non
413 984 478 1007 sua
505 975 647 1020 sponte,
676 973 738 1009 sed
767 975 937 1018 superata
964 973 1022 1008 dei
1049 973 1231 1008 voluntati
1258 973 1436 1018 paruerit,
1464 984 1546 1007 cum

191 1035 270 1080 ipsa
297 1036 340 1071 de
362 1037 500 1071 Helena
528 1036 637 1071 dieat:

264 1111 350 1145 131.
378 1110 463 1146 Vim
490 1111 576 1146 lieet
603 1111 763 1157 appelles
791 1113 829 1146 et
855 1111 997 1156 culpam
1024 1104 1167 1146 nomine
1195 1111 1308 1146 veles:

439 1174 538 1216 Quae
565 1175 699 1210 totiens
728 1177 833 1220 rapta
860 1178 931 1220 est,
959 1176 1127 1220 praebuit
1154 1176 1233 1220 ipsa
1260 1175 1348 1220 rapi.

194 1258 288 1294 Tum
316 1258 432 1293 tribus
460 1259 625 1294 versibus
653 1259 747 1295 idem
778 1260 851 1294 fere
881 1259 1011 1295 dicitur

195 1333 281 1367 145.
310 1332 406 1377 Ipse⁷
434 1334 536 1367 ratus
564 1323 725 1378 dignam,
753 1332 908 1368 medieas
935 1332 1023 1366 mihi
1050 1332 1201 1367 tradidit
1229 1334 1326 1367 artes

197 1397 283 1432 146.
364 1395 591 1442 Admisitque
619 1407 717 1432 meas
745 1397 790 1431 ad
819 1407 884 1431 sua
911 1395 1004 1431 dona
1031 1406 1167 1430 manus.

310 1460 562 1507 Quaecumque
590 1461 703 1497 herba
729 1460 856 1506 potens
884 1460 930 1496 ad
957 1472 1061 1506 opem
1088 1459 1258 1505 radixque
1288 1460 1451 1496 medendi

365 1525 476 1560 Utilis
503 1526 541 1560 in
568 1527 645 1561 toto
674 1526 833 1560 nascitur
861 1525 961 1569 orbe,
988 1536 1069 1559 mea
1096 1526 1161 1559 est.

192 1610 312 1655 Atque
346 1609 461 1645 oratio
497 1610 624 1645 deletis
657 1610 819 1646 versibus
851 1610 1057 1645 140—145
1089 1608 1222 1654 optime
1250 1609 1345 1655 fluit,
1379 1612 1417 1645 et
1444 1610 1541 1656 cogi-

190 1673 281 1708 tatio
299 1673 463 1708 'relicuae
492 1674 668 1718 epistulae
695 1674 814 1719 magis
841 1673 1015 1708 convenit.

299 1742 390 1778 Cum
423 1745 546 1779 autem
578 1755 692 1789 neque
726 1743 762 1779 in
796 1743 970 1789 epistulae
1003 1742 1166 1778 fontibus
1201 1743 1289 1778 haec
1321 1742 1365 1778 de
1397 1742 1541 1780 Oenone

190 1808 339 1841 narrata
366 1818 442 1842 esse
471 1807 661 1842 videantur
687 1818 802 1852 neque
830 1807 900 1842 alio
928 1807 1016 1851 loco,
1045 1807 1277 1841 statuendum
1303 1808 1359 1842 est
1382 1818 1425 1841 ea
1448 1807 1539 1842 anti-

190 1870 372 1916 quissimis
406 1872 629 1917 temporibus
664 1871 825 1908 extitisse
859 1872 895 1906 et
927 1870 1030 1906 illata
1064 1881 1141 1905 esse
1174 1870 1212 1905 in
1245 1870 1337 1906 hano
1366 1870 1540 1917 fabulam,

190 1934 261 1969 nisi
288 1945 310 1968 a
333 1934 535 1977 Cassandra
562 1936 608 1971 ad
635 1936 736 1970 illam
762 1936 940 1970 translata
962 1946 1041 1969 esse
1063 1946 1144 1969 eum
1166 1934 1355 1969 Welekero
1379 1937 1540 1970 statuere

191 1998 295 2033 malis
324 1994 385 2047 (cf.
401 1998 533 2044 griech.
552 1999 659 2045 Trag.
676 2012 710 2045 p.
733 2001 845 2035 1147.
863 2010 897 2035 n.
916 1993 969 2047 3).

297 2068 468 2103 Eiusdem
485 2068 801 2113 interpolationum
818 2069 960 2114 generis
978 2071 1033 2103 est
1050 2068 1228 2103 distichon
1247 2067 1328 2113 XII,
1348 2070 1435 2113 111,
1452 2071 1538 2112 112,

191 2131 229 2166 in
256 2143 326 2178 quo
354 2132 543 2168 Lehrsium
572 2127 611 2180 (l.
630 2145 658 2168 e.
679 2129 748 2181 66)
776 2133 854 2168 iure
883 2132 1072 2168 offendisse
1099 2134 1197 2178 puto.

278 2279 308 2318 1)
331 2276 530 2318 Nuperrime
553 2275 725 2309 Vahlenus
748 2277 782 2318 (1.
803 2287 830 2309 c.
848 2288 881 2319 p.
900 2279 955 2319 40)
978 2287 1034 2310 eos
1057 2288 1177 2320 versus
1196 2276 1332 2309 retineri
1354 2277 1473 2309 voluit.

276 2333 309 2373 2)
332 2330 548 2364 Probandum
570 2339 644 2363 'non
671 2331 739 2371 est,
768 2331 859 2373 quod
881 2331 1013 2365 Riesius
1041 2343 1071 2364 v.
1099 2335 1160 2364 134
1189 2330 1333 2364 coniecit
1362 2330 1451 2363 ‘sed'
1476 2342 1539 2373 pro

192 2385 267 2425 ‘et'‚
296 2384 386 2425 quod
414 2384 550 2425 quidem
577 2394 632 2417 sae
657 2384 771 2417 issime
801 2384 893 2418 idem
921 2386 1014 2418 valet
1044 2387 1146 2427 atque
1177 2386 1226 2418 ‘et
1252 2385 1381 2417 tamen’
1410 2384 1452 2418 cf.
1470 2385 1538 2419 Cic.

190 2437 287 2471 Tuae.
306 2438 333 2480 Ι,
350 2440 402 2479 38,
420 2441 476 2477 92;
499 2437 598 2480 Verg.
617 2396 688 2470 Pil.
705 2436 745 2480 V,
764 2440 806 2471 80
828 2437 956 2480 aliique
977 2438 1076 2471 multi
1097 2439 1174 2473 loci.
