1745 2813
705 106 967 143 -46-

160 216 276 260 stant,
310 218 533 260 separantur.
591 214 686 251 Sunt
718 215 780 261 qui
809 215 874 250 hac
908 215 946 250 in
974 226 1013 250 re
1041 226 1124 251 eam
1150 226 1314 251 normam
1343 217 1520 262 statuant,

159 280 201 314 ut
234 277 281 313 ad
313 290 427 314 unum
461 290 585 315 omnes
616 290 760 325 versus,
794 279 859 325 qui
884 290 956 314 non
984 279 1057 315 sint
1085 280 1122 314 in
1149 279 1331 315 codicibus
1359 280 1520 316 melioris

158 343 296 387 notae,
318 342 462 378 omnino
492 343 691 379 deleantur.
747 342 941 379 Sedtamen
974 343 1066 379 hanc
1097 343 1243 390 quidem
1271 343 1426 380 duorum
1453 344 1520 379 tri-

158 418 266 442 umve
294 406 457 442 codicum
486 407 705 452 optimorum
727 407 896 443 fiduciam
918 409 1194 454 ceterorumque
1216 408 1520 454 contemptionem

159 470 308 506 nimiam
332 473 370 507 et
391 470 610 506 immeritam
640 482 719 507 esse
741 482 938 507 censemus.
983 472 1078 507 Nam
1099 483 1182 507 cum
1206 471 1378 507 facillimo
1398 483 1519 513 errore

159 536 196 569 et
235 535 385 579 proclivi
424 535 657 570 librariorum
696 536 834 572 incuria
871 547 999 571 versus
1036 536 1184 581 genuini
1223 536 1260 571 in
1293 536 1365 571 illis
1400 536 1520 571 omitti

158 598 361 644 potuerint,
395 599 457 634 alii
498 600 668 635 soliorum
701 590 929 646 quorundam
962 600 1103 638 iactura
1136 602 1202 635 aut
1235 600 1315 635 aliis
1344 599 1519 635 eiusmodi

159 662 301 697 casibus
335 662 501 709 interire,
534 675 607 699 non
640 664 759 699 minus
792 664 868 699 fere
902 663 1073 699 credibile
1108 665 1164 699 est
1191 662 1367 708 quosdam
1395 665 1518 700 extare

159 726 289 775 libros,
324 727 403 773 qui,
437 739 504 773 per
537 728 667 764 seriem
701 729 862 764 codicum
893 728 997 763 nobis
1027 727 1235 774 ignotorum
1262 727 1321 763 vel
1347 739 1420 763 non
1447 728 1520 762 iam

160 791 399 836 superstitum
439 803 462 827 a
494 792 614 828 codice
645 793 786 838 integro
817 791 987 836 derivati,
1027 803 1071 827 ex
1098 790 1278 827 codicibus
1306 791 1519 837 vulgaribus

160 854 355 890 asciverint
395 856 591 901 scripturas
630 857 869 901 interpolatas
909 867 1022 901 eoque
1055 855 1161 891 modo
1195 866 1277 890 cum
1311 855 1519 900 ceteroquin

144 918 458 964 ,degeneraverint
486 921 523 955 et
550 931 631 955 cum
659 921 734 955 illis
762 920 896 956 sensim
925 920 998 955 sint
1025 919 1188 964 aequati,
1222 919 1361 964 copiam
1394 921 1519 964 tamen

158 993 330 1018 versuum
374 984 578 1019 uberiorem
625 985 860 1020 servaverint.
928 983 1064 1026 Quodsi
1102 994 1215 1018 nexus
1252 983 1516 1019 sententiarum

159 1047 280 1092 aliquo
320 1048 398 1083 1000
440 1049 607 1083 lacunam
649 1060 727 1084 esse
766 1040 941 1093 testatur,
980 1050 1017 1083 et
1060 1048 1098 1082 in
1137 1047 1315 1083 deteriore
1360 1047 1514 1092 quodam

158 1112 252 1147 libro
294 1123 422 1148 versus
468 1115 609 1158 extant,
648 1113 710 1158 qui
755 1124 835 1148 eam
873 1113 1040 1148 lacunam
1083 1112 1138 1147 ita
1175 1112 1359 1157 expleant,
1397 1113 1441 1146 ut
1480 1113 1518 1146 et

157 1176 327 1211 carminis
362 1178 528 1223 compagi
563 1177 897 1223 sententiarumque
934 1176 1050 1211 ordini
1076 1176 1235 1221 perfecte
1270 1175 1346 1220 apti
1374 1177 1411 1211 et
1443 1174 1515 1209 dic-

158 1240 268 1275 tionis
304 1252 609 1287 numerorumque
649 1243 728 1276 arte
762 1240 863 1287 digni
898 1251 977 1276 esse
1011 1241 1125 1275 totius
1160 1240 1336 1285 epistulae
1370 1241 1516 1274 auctore

158 1304 368 1352 videantur,
401 1305 467 1340 hos
502 1305 539 1340 in
573 1307 731 1351 textum,
771 1304 834 1350 qui
867 1304 1014 1350 dicitur,
1053 1303 1276 1350 recipiendos
1310 1314 1389 1339 esse
1416 1304 1517 1348 puto,

159 1370 269 1414 atque
310 1372 468 1416 augetur
508 1370 634 1415 etiam,
673 1372 716 1404 ut
753 1370 860 1414 plane
895 1369 1144 1413 confirmetur,
1183 1367 1269 1402 talis
1302 1366 1516 1402 accessionis

158 1432 265 1476 fides,
300 1433 329 1468 si
363 1433 421 1468 vel
449 1433 612 1469 divinare
640 1434 700 1468 vel
728 1444 941 1478 cognoscere
970 1432 1065 1477 licet,
1093 1443 1202 1477 quam
1232 1430 1277 1466 ab
1305 1442 1450 1466 causam
1478 1430 1517 1465 in

158 1497 304 1532 relicuis
332 1496 436 1532 libris
465 1498 672 1533 exciderint.

265 1560 387 1606 Atque
415 1561 574 1606 primum
603 1560 749 1607 quidem
777 1572 902 1596 eorum
930 1571 1113 1606 versuum,
1142 1571 1232 1606 quos
1261 1558 1383 1594 omisit
1404 1558 1514 1593 Pute-

157 1637 281 1670 aneus‚
305 1637 427 1660 omnes
452 1625 578 1661 relicui
601 1625 685 1661 libri
709 1636 823 1660 unum
847 1626 1083 1661 servaverunt
1106 1624 1294 1668 distichon,
1319 1623 1414 1668 quod
1437 1633 1515 1657 esse

156 1690 356 1735 genuinum
384 1693 483 1726 certo
512 1690 694 1730 affirmare
722 1689 824 1735 licet,
853 1688 968 1735 XVII,
991 1690 1056 1724 12:

350 1755 467 1791 Mittit
493 1755 708 1801 Abydenus,
739 1765 848 1800 quam
876 1753 1003 1789 mallet
1029 1753 1125 1788 ferre
1154 1752 1327 1797 salutem,

406 1819 445 1854 Si
473 1819 579 1854 cadat
605 1819 703 1854 unda
730 1819 858 1862 maris,
888 1817 994 1852 Sesta
1021 1817 1160 1861 puella,
1189 1816 1267 1851 tibi.

266 1883 392 1928 Neque
422 1883 517 1918 enim
546 1883 664 1918 solum
691 1882 920 1917 desideratur
948 1880 1025 1915 eius
1053 1879 1231 1925 epistulae
1258 1879 1332 1914 tale
1361 1878 1514 1923 initium,

156 1950 266 1992 atque
305 1947 343 1981 hi
383 1958 525 1991 versus,
566 1958 656 1991 quos
691 1946 1001 1990 Guelferbytanus
1035 1955 1177 1989 quoque
1211 1944 1321 1978 codex
1353 1943 1517 1987 praebet,

156 2011 324 2046 omnibus
357 2010 518 2045 numeris
552 2009 729 2054 probandi
762 2011 848 2044 sunt
884 2005 945 2056 (cf.
964 2007 1106 2042 Vahlen
1123 2008 1146 2043 l.
1164 2018 1193 2043 c.
1210 2019 1244 2053 p.
1264 2008 1311 2042 21
1332 2002 1418 2054 sq.),
1452 2005 1514 2040 sed

156 2075 267 2111 etiam
301 2075 339 2109 in
371 2064 450 2120 ipso
485 2074 669 2109 Puteaneo
704 2072 860 2118 spatium
894 2071 1061 2107 relictum
1101 2073 1157 2107 est
1189 2083 1212 2107 a
1243 2071 1361 2117 prima
1393 2081 1513 2116 manu,

155 2139 253 2185 quod
281 2139 400 2174 altera
426 2137 553 2173 deinde
581 2138 654 2173 illis
682 2137 846 2173 versibus
875 2136 1041 2182 explevit.

264 2205 401 2239 Versus
430 2205 554 2238 autem
582 2202 743 2238 eiusdem
772 2201 947 2247 epistulae
978 2202 1040 2246 23,
1053 2202 1104 2236 24

333 2268 465 2313 Aptior
492 2267 556 2302 illa
584 2267 729 2313 quidem
756 2265 897 2311 placido
920 2265 1007 2300 dare
1034 2265 1187 2299 verbera
1213 2264 1340 2307 ponto:

322 2333 328 2337 ’
387 2332 456 2366 Est
483 2333 606 2366 tamen
634 2332 672 2365 et
700 2340 826 2365 sensus
854 2331 941 2374 apta
967 2328 1136 2363 ministra
1162 2326 1249 2370 mei,

155 2396 240 2441 etsi,
274 2396 369 2442 quod
402 2395 536 2431 attinet
570 2394 615 2429 ad
646 2406 722 2430 rem
749 2393 938 2429 metricam
966 2395 1003 2427 et
1031 2401 1248 2434 sermonem,
1282 2389 1420 2424 nullam
1448 2389 1511 2425 ha-

155 2461 243 2496 bent
271 2460 503 2496 offensionem
526 2454 586 2507 (cf.
606 2458 747 2493 Vahlen
769 2457 793 2494 1.
810 2468 839 2492 c.
857 2469 891 2502 p.
910 2452 991 2503 36),
1020 2454 1100 2489 ideo
1123 2456 1248 2489 utrum
1270 2453 1343 2488 sint
1364 2454 1511 2499 genuini
