1745 2813
756 111 1020 152 —51-.

208 223 314 259 facile
341 222 378 258 in
405 217 585 259 codicibus
614 221 735 257 omitti
766 221 927 267 potuisse
960 222 1078 268 initia,
1111 222 1239 258 deinde
1272 222 1455 258 Nasonem
1487 233 1559 258 non

209 288 354 324 omnino
382 299 509 324 severa
536 285 727 333 epistulari
752 286 870 322 forma
897 297 1001 322 usum
1031 297 1108 322 esse
1130 289 1238 333 atque
1266 287 1408 333 saepius
1441 286 1557 322 heroi-

207 364 274 389 nas
301 353 348 389 ad
374 351 511 388 medias
539 362 597 387 res
624 351 880 398 aggredientes
908 351 1047 398 fecisse,
1076 351 1187 387 etiam
1208 352 1275 387 hoc
1297 352 1393 387 haud
1417 352 1489 388 scio
1512 364 1560 387 an

209 419 369 453 statuere
403 416 582 462 possimus
615 415 779 451 consulto
806 415 867 451 vel
904 415 958 451 ita
996 416 1233 461 epistularum
1271 416 1417 451 exordia
1453 416 1557 452 insti-

207 480 321 516 tuisse
342 479 534 525 Nasonem,
561 480 605 514 ut
625 490 735 524 quam
758 490 917 515 summas
945 479 1057 514 animi
1082 479 1373 524 perturbationes
1401 479 1559 516 declaret

208 543 450 579 scribentium.
505 542 565 578 Ita
596 542 741 588 quidem
776 542 855 578 fieri
887 542 1051 578 videmus
1084 543 1122 577 in
1149 554 1204 588 ep.
1231 543 1314 587 XII,
1342 543 1405 578 ubi
1433 546 1559 590 aperte

207 608 246 644 in
272 620 305 644 v.
336 609 358 644 5
387 607 534 644 Medeae
561 607 799 654 cogitationes
828 607 873 644 ad
901 607 991 644 alias
1019 618 1077 643 res
1106 608 1314 653 devertunt,
1343 610 1385 644 ut
1413 610 1560 645 omittat

207 672 364 718 priorem
391 673 608 710 sententiam
634 673 823 719 complere.

841 801 865 847 ξ
886 804 921 839 3.

314 875 554 912 Luculentum
591 877 713 912 autem
746 877 965 923 exemplum,
1004 888 1075 922 quo
1109 879 1284 923 appareat
1317 876 1428 913 etiam
1461 878 1556 913 solos

207 939 403 975 deteriores
431 940 543 975 libros
570 940 744 986 genuinos
771 940 964 976 tradidisse
986 952 1123 985 versus,
1151 942 1209 976 est
1230 940 1408 976 distichon
1428 941 1476 986 II,
1497 942 1556 986 18,

210 1005 270 1049 19,
297 1004 394 1049 quod
421 1004 603 1040 invenitur
623 1005 661 1041 in
689 1005 809 1040 codice
837 1005 997 1041 Gissensi
1026 1000 1070 1054 (s.
1098 1001 1201 1054 XIV)
1231 1007 1267 1041 et
1300 1005 1556 1041 recentissimis

207 1068 430 1113 quibusdam.
464 1088 508 1093 —
539 1069 661 1104 Primo
695 1070 791 1104 enim
824 1070 954 1105 obtutu
987 1072 1137 1114 apparet
1170 1070 1400 1106 enuntiatum
1433 1066 1554 1115 ‘saepe

208 1131 293 1168 deos
328 1129 491 1178 supplex’
520 1128 607 1181 (17)
641 1133 704 1168 illo
738 1133 890 1169 disticho
924 1134 1055 1169 omisso
1088 1134 1199 1169 verbo
1232 1133 1334 1169 finito
1366 1146 1439 1170 non
1472 1146 1553 1170 con-

206 1196 321 1241 iungi,
355 1197 513 1241 itemque
546 1197 643 1231 nuda
672 1197 738 1231 illa
763 1198 876 1233 verba
903 1194 1024 1242 ‘saepe
1051 1198 1140 1231 mihi
1167 1195 1253 1232 dixi’
1278 1194 1364 1246 (20)
1393 1198 1491 1233 omni
1518 1198 1554 1233 vi

206 1270 343 1304 carere,
376 1259 446 1295 nisi
479 1259 650 1305 addatur,
671 1271 755 1307 uqua
781 1261 819 1295 in
845 1260 1050 1296 condicione
1079 1262 1116 1296 et
1142 1272 1214 1306 qua
1240 1271 1350 1296 causa
1376 1263 1554 1298 commota

206 1323 271 1357 illa
292 1323 424 1358 dixerit
445 1323 597 1369 Phyllis.
641 1325 767 1369 Neque
795 1325 891 1359 enim
913 1324 1194 1370 quandocunque
1222 1325 1306 1360 deos
1335 1326 1462 1370 oravit,
1491 1326 1553 1361 sed

206 1385 292 1420 dum
324 1397 390 1432 per
421 1389 549 1424 ventos
583 1387 756 1423 secundos
794 1400 832 1423 re
871 1399 959 1440 vera
998 1388 1082 1424 licet
1119 1388 1384 1434 Demophoonti
1422 1389 1554 1434 venire,

206 1450 296 1485 talia
327 1444 477 1496 loquens
509 1451 629 1487 induci
660 1453 791 1498 potest.
851 1452 1054 1498 Utrumque
1086 1465 1172 1489 vero
1205 1453 1300 1488 inest
1331 1452 1370 1487 in
1401 1452 1555 1487 disticho

343 1524 434 1560 Cum
461 1537 566 1571 prece
593 1527 797 1563 turicremis
825 1538 905 1562 sum
933 1529 1105 1563 venerata
1131 1527 1221 1563 focis
1229 1523 1277 1576 ¹),

342 1589 456 1635 Saepe
483 1590 608 1626 videns
636 1594 762 1627 ventos
790 1591 889 1627 caelo
917 1592 1117 1638 pelagoque
1144 1592 1308 1628 faventes

206 1663 336 1699 codicis
365 1663 560 1711 Gissensis,
593 1666 688 1711 quod
721 1668 910 1712 praeterea
942 1678 1058 1712 neque
1091 1667 1123 1702 si
1156 1669 1359 1713 spectamus
1386 1666 1554 1701 metricas

205 1729 305 1775 leges
344 1741 458 1775 neque
493 1730 524 1765 si
559 1729 812 1776 elocutionem,
850 1731 966 1766 ullum
998 1734 1121 1767 movet
1155 1732 1372 1777 scrupulum.
1433 1731 1553 1776 Atque

205 1793 273 1828 hoc
300 1793 479 1830 distichon
505 1795 544 1830 in
570 1795 648 1841 ipso
676 1795 835 1830 omnium
861 1794 1036 1831 librorum
1061 1796 1257 1842 archetypo
1281 1795 1453 1830 omissum
1476 1806 1554 1831 esse

206 1858 351 1895 videtur
382 1861 532 1906 propter
564 1859 698 1896 similia
729 1872 764 1897 v.
795 1862 842 1897 17
877 1862 915 1895 et
944 1861 991 1895 19
1026 1859 1140 1899 initia.
1202 1859 1271 1902 Qui
1303 1860 1440 1895 factum
1473 1870 1553 1895 esse

206 1922 387 1969 videatur,
418 1927 461 1959 ut
488 1927 709 1970 servaretur,
738 1936 848 1970 supra
874 1924 1111 1970 exposuimus.

313 1987 482 2023 Retinent
509 1989 574 2024 hos
601 1999 728 2025 versus
757 2000 879 2025 omnes
907 1988 1072 2024 editores.
1133 1988 1203 2023 Sed
1230 1988 1340 2023 etiam
1368 2000 1421 2034 ep.
1451 1988 1553 2033 VIII,

206 2062 238 2087 v.
271 2052 332 2096 20,
362 2053 409 2087 21
440 2052 616 2098 genuinos
644 2064 723 2089 esse
750 2053 856 2089 docet
883 2052 1066 2089 Vahlenus
1095 2048 1138 2102 (1.
1164 2064 1192 2088 c.
1220 2065 1253 2098 p.
1284 2048 1365 2100 37).
1419 2052 1551 2088 Defen-

293 2189 324 2228 1)
348 2188 401 2220 Ita
423 2187 635 2220 scribendum
658 2190 711 2221 est
732 2198 751 2220 e
774 2187 900 2221 codicis
924 2186 1089 2221 Gissensis
1113 2187 1282 2230 vestigiis:

454 2250 553 2284 ‘Cum
574 2261 673 2293 prece
695 2251 874 2285 turmoniis
897 2262 970 2284 sum
992 2254 1153 2292 venerata
1174 2252 1303 2302 sacris’t.

205 2314 293 2347 Nam
316 2317 351 2348 et
372 2316 503 2358 copula,
526 2325 612 2357 quae
634 2315 768 2357 dicitur,
793 2316 895 2348 ‘sum’
919 2316 1109 2349 necessaria
1130 2318 1193 2357 est,
1213 2326 1322 2357 neque
1341 2325 1461 2349 vocem
1480 2315 1552 2349 ‘de-

205 2369 388 2410 venerari',
412 2378 513 2411 quam
535 2369 692 2402 Heinsius
721 2371 913 2411 receperat,
940 2370 1081 2402 Ovidius
1109 2371 1249 2411 usurpat
1275 2369 1470 2410 evenerat?
1495 2370 1551 2403 Tr.

205 2421 245 2462 V,
270 2425 300 2462 1,
321 2425 380 2462 493
408 2421 467 2462 III,
493 2424 569 2462 1533
598 2422 677 2454 Met.
701 2422 743 2462 V,
765 2425 827 2455 2⁵19
851 2422 918 2463 aL).
966 2422 1040 2454 Vox
1064 2421 1280 2455 ‘turicremis’
1306 2422 1499 2455 defenditur
1521 2433 1552 2457 a.

206 2484 234 2506 a.
260 2474 317 2516 ΙΙΙ,
342 2479 413 2508 393.

1252 2530 1296 2562 4*
