1745 2813
714 104 980 141 -44-

271 213 409 250 Deinde
448 227 481 251 v.
509 215 720 251 165—170
755 213 913 260 suspecti
953 212 1109 250 habendi
1143 215 1237 250 sunt.
1294 213 1390 250 Luce
1429 215 1524 250 enim

161 278 294 313 clarius
322 279 415 314 hanc
443 279 699 324 cogitationem
727 289 750 313 a
777 278 950 324 proxima,
982 289 1074 323 quae
1103 277 1294 323 antecedit,
1321 277 1524 323 discrepare

162 343 280 388 patet,
311 344 350 378 et
377 354 458 379 mea
486 342 631 389 quidem
659 342 839 379 sententia
866 342 962 378 iusto
990 341 1230 379 artificiosius·
1248 353 1289 378 ac
1316 354 1430 388 paene
1457 355 1522 388 pu-

161 407 236 441 tide
265 408 322 442 est
349 407 505 443 inventa.
551 407 688 442 Versus
720 409 796 443 166
825 407 971 442 fluxisse
999 407 1144 442 videtur
1172 419 1215 441 ex
1243 406 1300 441 III
1317 417 1336 440 e
1354 406 1394 442 P.
1415 408 1448 451 9,
1462 408 1522 442 20.

270 470 395 517 Porro,
423 471 592 517 quoniam
622 483 655 508 v.
687 472 733 507 91
766 467 832 507 ‘sis
860 473 983 507 tamen
1009 471 1072 507 hoc
1097 470 1218 517 potius
1237 500 1244 508 .
1263 467 1285 507 .'
1314 471 1439 516 aperte
1467 481 1522 506 re·

160 536 329 571 ferendus
358 538 415 572 est
442 537 488 571 ad
515 549 549 573 v.
569 538 619 572 83
650 533 728 572 ‘cur
756 536 805 571 sis
831 536 1052 571 metuentior
1079 536 1185 571 undis
1204 563 1211 570 .
1230 532 1265 581 .',
1294 535 1409 571 omnis
1431 547 1522 581 quae

162 599 377 644 interposita
418 602 474 635 est
512 600 629 635 oratio
670 601 846 646 85-90,
886 611 908 635 a
941 599 1143 645 suspicione
1175 610 1248 634 non
1284 601 1340 635 est
1372 600 1521 636 remota.

161 664 322 709 Cumque
361 664 509 709 insuper
547 677 580 700 v.
606 667 672 710 89,
698 667 763 710 90,
803 665 864 710 qui
899 664 1054 699 maxime
1087 663 1280 708 prohibent
1312 664 1522 709 orationem,

160 728 353 762 molestam
385 728 585 772 praebeant
614 727 745 772 prioris
773 727 953 762 enuntiati
982 723 1063 774 (83,
1081 721 1150 775 84)
1180 726 1448 772 repetitionem,
1484 726 1522 761 hi

160 791 306 837 quidem
334 803 461 828 versus
485 792 571 838 quin
593 791 714 827 ficticii
737 792 821 836 sint,
849 792 910 828 vix
933 791 1070 836 dubito,
1098 793 1270 837 quattuor
1291 791 1374 827 illos
1397 802 1520 837 quam-

158 855 214 890 vis
243 856 461 900 suspiciosos
489 841 619 891 tollere
648 867 720 891 non
748 856 874 891 ausim.

268 919 458 956 Permulta
484 919 641 969 Leandri
675 931 816 966 quoque
850 919 1027 966 epistulae
1062 919 1160 956 delet
1193 919 1374 957 Lehrsius.
1431 919 1520 956 Cum

158 996 245 1019 vero
274 984 385 1020 nullis
413 985 518 1020 iustis
548 985 747 1020 sententias
771 985 992 1020 confirmarit
1014 985 1248 1031 argumentis,
1277 985 1329 1020 eis
1351 996 1423 1020 non
1445 997 1519 1020 ma-

159 1059 270 1094 gnam
297 1048 406 1085 fidem
427 1049 631 1085 habendam
660 1061 738 1086 esse
766 1051 866 1096 puto.
910 1049 1037 1097 Neque
1065 1060 1104 1085 re
1127 1060 1214 1086 vera
1237 1049 1433 1096 quidquam
1455 1049 1519 1085 ali—

158 1125 228 1158 quo
262 1113 339 1148 iure
373 1113 410 1148 in
440 1114 678 1159 suspicionem
706 1116 874 1160 vocatur,
908 1114 978 1149 nisi
1005 1126 1038 1150 v.
1068 1115 1288 1149 131—134.
1345 1113 1415 1155 Qui
1448 1125 1521 1149 non

159 1177 275 1211 solum
309 1176 417 1212 nimis
450 1177 684 1223 hyperbolice
718 1178 806 1213 dicti
841 1179 942 1223 sunt,
978 1178 1041 1213 sed
1069 1177 1179 1213 etiam
1207 1189 1278 1223 qua
1305 1177 1445 1231 ratione
1474 1177 1520 1212 ad

158 1241 332 1276 relicuam
369 1242 587 1277 sententiam
621 1242 816 1288 quadrent,
857 1254 937 1279 meo
971 1242 1115 1288 quidem
1155 1241 1273 1277 animo
1312 1253 1384 1277 non
1416 1243 1519 1287 patet

159 1302 219 1354 (cf.
241 1305 432 1341 Schraderi
461 1306 641 1342 observat.
669 1306 818 1342 miscell.
837 1306 919 1352 VII,
938 1308 971 1350 3,
991 1302 1096 1354 462).

266 1369 408 1405 Paridis
442 1370 595 1415 denique
630 1372 667 1405 et
695 1370 856 1405 Helenae
891 1370 1064 1415 epistulas
1093 1369 1266 1405 Lehrsius
1300 1382 1365 1415 per
1396 1360 1518 1406 omnes

157 1435 281 1479 partes
310 1433 474 1469 versibus
503 1421 669 1470 insiticiis
698 1437 822 1470 auctas
846 1446 935 1480 esse,
965 1446 1056 1481 quae
1079 1434 1168 1470 adeo
1191 1446 1272 1470 cum
1295 1435 1422 1470 ceteris
1446 1435 1520 1470 sint

157 1498 413 1544 coagmentati,
441 1501 483 1534 ut
510 1499 582 1534 iam
610 1499 670 1534 vix
700 1500 836 1535 secerni
864 1499 1014 1546 possint,
1042 1502 1174 1536 censet.
1230 1499 1388 1535 Tantum
1416 1500 1519 1535 abest

158 1565 215 1603 ut,
256 1563 351 1609 quod
390 1563 619 1599 doctissimus
662 1566 700 1599 et
739 1563 992 1611 sagacissimus
1031 1563 1138 1599 homo
1177 1563 1356 1610 suscipere
1390 1563 1517 1609 noluit,

157 1629 226 1663 hoc
259 1627 404 1674 quidem
444 1628 564 1664 subire
596 1639 719 1672 coner,
755 1631 797 1664 ut
830 1640 963 1673 paucos
991 1628 1097 1663 modo
1126 1627 1276 1663 afferam
1309 1628 1422 1674 locos,
1457 1629 1517 1675 qui

158 1691 313 1727 maxime
341 1692 431 1727 mihi
459 1693 652 1728 videantur
680 1692 879 1738 suspiciosi.

265 1756 406 1792 Paridis
441 1757 617 1802 epistulae
656 1757 726 1792 duo
761 1757 830 1792 loci
863 1759 1012 1802 propter
1046 1756 1247 1792 orationem
1280 1756 1386 1792 nimis
1414 1757 1516 1793 lasci-

164 1832 264 1866 vam,
297 1821 414 1866 qualis
448 1821 485 1855 in
519 1821 655 1856 relicua
685 1821 843 1866 epistula
881 1831 953 1855 non
987 1820 1185 1866 invenitur,
1219 1820 1404 1857 offendunt
1441 1823 1514 1858 157

163 1886 293 1920 -160
328 1887 365 1919 et
401 1886 623 1921 247—252.
684 1885 745 1920 Illi
778 1896 904 1920 versus
939 1896 1080 1928 eorum,
1114 1896 1204 1930 quos
1243 1887 1442 1930 sequuntur
1480 1888 1517 1921 et

157 1948 288 1993 quibus
312 1947 550 1994 excipiuntur,
572 1948 647 1984 vim
668 1959 885 1995 magnopere
909 1949 1108 1984 attenuant.
1159 1948 1253 1984 Nam
1276 1948 1516 1996 cogitationis,

156 2025 228 2059 qua
256 2013 418 2048 animum
447 2025 552 2048 suum
580 2014 713 2049 fortem
741 2025 782 2049 ac
810 2015 972 2049 tenacem
1001 2013 1167 2049 laudibus
1196 2014 1300 2049 effert
1327 2013 1430 2050 Paris
1459 2026 1513 2049 se-

156 2089 225 2122 que
249 2077 390 2112 Theseo
420 2077 579 2123 opponit,
607 2077 667 2122 qui
692 2077 867 2112 Helenam
890 2079 1032 2122 raptam
1055 2077 1242 2124 dimiserit,
1266 2089 1406 2113 summa
1428 2077 1516 2114 haec

156 2143 229 2177 est:
260 2153 339 2177 sese
369 2141 493 2177 vivum
521 2152 704 2186 nunquam
732 2140 964 2177 dimissurum
991 2140 1103 2176 fuisse
1132 2142 1307 2188 amatam,
1335 2142 1444 2186 atque
1472 2153 1516 2177 ea

155 2205 340 2240 invenitur
368 2206 406 2239 et
433 2204 471 2238 in
498 2216 530 2239 v.
553 2205 638 2249 155,
664 2205 738 2240 156
770 2206 806 2239 et
834 2204 871 2238 in
897 2206 984 2249 161,
1006 2205 1091 2240 162.
1135 2204 1266 2239 Aliena
1292 2204 1406 2249 igitur
1434 2216 1512 2240 sen-

155 2269 271 2306 tentia
294 2270 360 2315 est,
384 2280 475 2315 quae
493 2268 706 2314 exprimitur
721 2281 755 2304 v.
777 2270 998 2314 157-160,
1021 2270 1129 2315 atque
1147 2268 1244 2304 haud
1261 2268 1333 2304 scio
1352 2280 1398 2305 an
1417 2269 1514 2315 XVI,

157 2336 206 2370 29
231 2334 343 2369 fuerit
371 2345 496 2378 causa,
530 2344 594 2368 cur
620 2334 827 2369 inserendos
855 2334 921 2368 hos
949 2333 1134 2378 putaverit
1160 2332 1301 2377 aliquis.
1333 2352 1378 2356 —
1409 2334 1515 2369 Alter

156 2399 256 2434 locus
285 2398 411 2433 abesse
440 2396 529 2432 mihi
556 2396 701 2433 videtur
728 2409 750 2432 a
777 2396 972 2443 proposito,
1001 2395 1171 2442 quoniam
1199 2394 1302 2431 Paris
1325 2407 1357 2431 v.
1383 2397 1512 2432 241—

159 2465 247 2508 256,
276 2462 454 2508 quomodo
477 2462 619 2507 saepius
646 2462 738 2497 clam
763 2462 926 2498 Menelao
949 2472 1110 2497 amorem
1132 2472 1237 2496 suum
1259 2459 1416 2496 indicare
1440 2464 1512 2498 stu-
