1745 2813
769 111 1027 155 —30-.

217 226 389 272 cogitatio
425 221 493 275 (83
508 245 552 251 —
565 222 636 276 87)
672 238 774 262 suam
808 226 944 262 habeat
976 227 1193 273 clausulam,
1233 226 1478 264 adnectendus
1518 230 1575 265 est

217 303 250 326 v.
275 293 325 326 96
355 291 401 325 ad
429 292 491 327 87.
549 290 694 336 Optime
722 293 846 326 autem
875 303 908 328 v.
932 293 1089 328 89—92
1118 293 1202 337 post
1229 303 1262 326 v.
1288 293 1349 337 98,
1376 292 1508 337 quippe
1534 293 1575 327 in

217 366 287 400 quo
315 354 472 401 primum
501 366 618 391 sermo
647 354 694 391 sit
722 355 766 390 de
794 355 982 402 periculis,
1009 367 1101 402 quae
1135 356 1181 392 ab
1217 355 1423 399 hominibus
1456 354 1576 390 immi·

218 421 340 464 neant,
368 421 570 464 ponuntur,
604 421 646 454 ut
679 419 773 454 hunc
807 420 1005 455 habeamus
1039 432 1071 456 v.
1101 420 1280 455 ordinem:
1313 421 1411 455 83-
1421 421 1488 465 87,
1522 421 1571 455 96

221 484 342 528 —98,
371 484 547 530 89—92,
577 484 625 519 99
657 495 708 529 sq.
851 478 854 480 ’
1557 535 1561 538 ⁵

327 556 463 591 Versus
486 556 570 602 XII,
593 558 713 592 169—
728 559 815 603 171,
843 557 881 592 in
903 558 1183 603 quibus‘Medea
1205 570 1243 593 se
1265 559 1312 594 ab
1335 558 1474 594 artibus
1498 557 1572 593 suis

216 621 324 666 plane
353 621 535 656 desertam
563 632 608 656 ne
636 620 794 656 dormire
823 621 967 667 quidem
992 627 1099 667 posse
1127 622 1301 668 queritur,
1328 622 1587 668 compluribus.

218 673 339 729 eisque
374 685 463 720 satis
497 685 669 730 gravibus
706 686 750 719 de
789 686 906 720 causis
946 686 1133 730 suspiciosi
1172 686 1389 725 videbantur
1421 686 1572 722 Lehrsio

218 743 260 797 (l.
288 760 316 784 c.
345 761 379 794 p.
410 744 489 796 67).
518 748 652 784 Facere
679 760 752 784 non
778 760 979 794 possumus,
1007 749 1094 794 quin
1122 749 1156 784 ei
1183 739 1439 795 assentiamur,
1463 752 1572 795 atque

218 812 389 857 quoniam
417 813 518 847 nullo
545 815 651 857 pacto
680 825 712 849 v.
740 815 945 849 169—171
977 813 1171 849 cohaerent
1198 825 1278 849 cum
1301 814 1482 859 proximis,
1511 825 1572 849 eos

218 876 338 911 delere
372 887 445 911 non
479 876 696 912 dubitamus.
753 862 880 911 Medea
913 876 1008 911 enim
1042 888 1156 923 usque
1190 877 1236 913 ad
1267 890 1300 914 v.
1332 880 1406 914 166
1437 889 1475 913 se
1503 878 1572 913 sibi

220 941 290 985 ipsi
318 951 390 975 non
417 951 522 985 posse
550 940 686 975 mederi
714 943 929 986 exposuerat
957 942 1066 986 atque
1094 952 1220 977 versus
1251 943 1343 978 167:

408 1004 484 1049 Ipsi
511 1016 569 1039 me
597 1006 726 1040 cantus
753 1005 958 1050 herbaeque
987 1006 1154 1050 artesque
1182 1006 1402 1052 relinquunt,

219 1070 344 1114 aperte
373 1068 554 1104 concludit
581 1070 673 1105 hauc
701 1069 929 1115 sententiam,
956 1071 999 1115 ut
1023 1071 1120 1105 certe
1143 1081 1273 1115 parum
1296 1071 1441 1116 elegans
1464 1072 1572 1117 esset,

218 1133 248 1167 si
281 1133 402 1178 priore
442 1133 615 1168 orationis
648 1119 755 1178 parte
786 1133 890 1168 finita
921 1144 1055 1169 novum
1088 1115 1227 1179 aliquid
1256 1136 1364 1180 atque
1392 1135 1428 1169 id
1456 1135 1571 1170 multo

219 1196 396 1232 infirmius
430 1196 611 1241 prioribus
639 1196 843 1233 adderetur.
875 1216 915 1221 —
953 1196 1258 1233 Versumautem
1289 1199 1364 1234 172
1394 1209 1465 1233 non
1493 1210 1572 1234 esse

218 1260 507 1311 coniungendum
545 1271 627 1295 cum
666 1260 856 1307 proximis,
898 1272 989 1305 quae
1029 1261 1260 1306 antecedunt,
1300 1261 1362 1296 sed
1400 1273 1481 1296 cum
1520 1262 1572 1298 eis

220 1335 312 1369 quae
341 1325 558 1369 sequuntur,
586 1324 653 1358 hoc
681 1323 825 1368 quidem
853 1323 958 1358 facile
987 1323 1221 1370 intellegitur.

325 1388 447 1433 Atque
480 1398 563 1423 cum
595 1398 667 1421 non
700 1386 878 1432 exprimat
911 1399 944 1423 v.
975 1388 1050 1423 168
1084 1387 1121 1422 id
1155 1387 1249 1433 quod
1278 1387 1465 1423 dicendum
1494 1400 1571 1423 esse

166 1479 171 1482 .
219 1454 372 1498 apparet
404 1471 448 1475 —
480 1462 596 1496 neque
625 1451 720 1486 enim
749 1451 893 1486 omnino
920 1451 1010 1486 nihil
1039 1454 1153 1497 agunt
1181 1452 1327 1486 Medeae
1362 1454 1475 1497 artes,
1509 1453 1572 1487 sed

218 1516 256 1551 in
295 1501 411 1560 ipsam
451 1515 616 1551 Medeam
654 1515 745 1550 nihil
784 1516 907 1551 valent
939 1535 983 1564 -ῗ
1015 1516 1109 1550 hunc
1147 1516 1270 1561 potius
1308 1527 1452 1551 versum
1491 1528 1572 1551 cum

221 1581 341 1624 tribus
368 1580 441 1616 illis
473 1576 722 1632 169ssl711)
752 1580 951 1625 deleamus,
980 1580 1201 1615 retineamus
1227 1592 1261 1616 v.
1294 1582 1379 1617 172.

326 1666 472 1721 Fortius
499 1668 541 1700 ut
570 1666 716 1701 efferret
742 1668 871 1711 poetae
905 1666 1158 1712 cogitationes,
1192 1666 1252 1701 ille
1286 1666 1443 1701 voluisse
1475 1666 1571 1702 vide-

219 1734 294 1776 tur,
328 1731 390 1776 qui
423 1730 626 1776 composuit
652 1742 686 1766 v.
715 1730 816 1776 VIII,
846 1733 893 1767 77
925 1742 975 1776 sq.
1031 1730 1208 1765 Helenam
1242 1741 1382 1775 quoque
1418 1731 1572 1765 matrem

219 1797 361 1839 raptam
379 1805 457 1829 esse
482 1794 533 1828 ibi
554 1796 680 1828 narrat
697 1793 903 1838 Hermione,
926 1805 1007 1828 cum
1030 1805 1154 1828 omnes
1177 1793 1232 1828 sui
1254 1794 1397 1839 generis
1418 1791 1584 1829 feminas
1627 1838 1629 1840 Ι

219 1855 358 1904 ‘aptam
386 1853 566 1903 rapinam'
599 1857 711 1892 fuisse
746 1856 883 1893 doceat.
938 1857 1059 1902 Atque
1090 1867 1175 1891 cum
1202 1857 1310 1892 antea
1337 1857 1380 1892 de
1411 1868 1570 1904 unaqua-

152 1939 157 1946 ·
219 1935 289 1968 que
317 1922 445 1967 rapina
472 1933 543 1957 uno
565 1922 708 1955 tantum
732 1921 886 1955 disticho
909 1920 1068 1965 dixisset,
1097 1920 1141 1955 de
1164 1921 1290 1955 matris
1311 1933 1378 1966 per
1400 1924 1572 1967 quattuor

219 1987 311 2032 agit,
341 1997 495 2031 quorum
524 1985 595 2020 duo
627 1985 784 2020 77—80
813 1984 935 2029 spuria
963 1995 1042 2019 esse
1071 1984 1247 2020 existimo.

306 2132 338 2172 1)
366 2130 512 2163 Versum
543 2133 604 2163 170
632 2129 666 2161 in
701 2128 874 2163 codicibus
908 2130 1101 2171 corruptum
1135 2131 1249 2162 extare
1283 2128 1421 2162 minime
1455 2138 1571 2170 urgeo,

203 2178 380 2226 ‘quoniam
401 2183 550 2216 Palmeri
573 2183 782 2217 coniectura:

481 2248 540 2280 ‘Et
560 2249 659 2280 tener
680 2257 701 2279 a
723 2247 846 2280 misero
869 2249 1006 2289 pectore
1030 2258 1165 2280 somnus
1187 2247 1292 2286 abit’,

219 2313 317 2346 illum
341 2314 498 2346 sanatum
521 2321 595 2345 esse
617 2313 709 2353 puto.
744 2311 887 2344 Merkeli
910 2310 1000 2343 enim
1023 2310 1198 2343 inventum
1219 2319 1288 2349 nou
1311 2310 1470 2343 convenit
1492 2310 1570 2343 Ovi-

220 2367 323 2400 diano
345 2365 493 2399 sermoni
516 2365 571 2407 (cf.
596 2365 675 2398 Met.
699 2365 771 2404 VII,
795 2368 869 2405 329,
895 2367 988 2406 667);
1015 2364 1101 2397 illud
1124 2365 1239 2397 autem
1261 2362 1337 2405 ipsa
1359 2363 1484 2396 codicis
1506 2363 1570 2396 Pu-

218 2420 335 2453 teanei
353 2418 500 2460 vestigia
518 2417 687 2458 sequitur:
707 2417 859 2450 ‘habere’
879 2428 941 2459 pro
961 2417 1083 2450 ‘abire'
1102 2416 1161 2448 ille
1174 2415 1278 2448 etiam
1296 2425 1348 2456 ep.
1361 2416 1403 2458 11,
1414 2420 1455 2449 47
1474 2427 1570 2458 prae-

220 2473 295 2514 bet,
318 2474 355 2505 et
376 2473 441 2505 hoc
465 2472 569 2505 verbo
593 2472 752 2513 corrupto
776 2472 852 2504 orta
874 2480 947 2504 esse
969 2470 1106 2503 videtur
1128 2471 1241 2502 cetera
1262 2470 1463 2511 corruptela.
