1745 2813
721 125 980 163 ..37-

171 236 234 283 qui
268 237 499 283 argumenta,
533 234 663 281 quibus
703 233 868 270 Phaedra
902 234 1101 280 Hippolyto
1137 233 1355 280 persuadere
1393 231 1525 277 studet,

173 303 215 337 ut
253 302 353 347 legat
391 300 600 346 epistulam,
639 301 783 346 augent.
839 299 975 335 Versus
1014 300 1110 334 enim
1148 301 1297 344 quartus
1331 298 1524 333 admodum

170 365 352 411 languidis
380 364 501 400 verbis
529 363 663 409 repetit
691 362 908 398 sententiam
936 359 1034 409 ‘quid
1063 362 1219 408 epistula
1240 363 1333 397 lecta
1354 357 1524 406 nocebit',

171 430 279 475 atque
314 429 461 473 insuper
494 428 562 463 hoc
596 427 760 473 offendit,
793 427 888 473 quod
921 427 1101 472 particula
1135 422 1302 472 ‘quoque'
1337 438 1409 461 non
1442 438 1524 461 cum

169 492 233 527 illo
266 491 377 527 verbo
411 491 599 527 coniuncta
632 493 705 535 est,
740 490 786 526 ad
814 490 908 537 quod
942 493 1021 525 erat
1054 490 1251 525 referenda.
1289 508 1334 514 —
1372 488 1525 530 Quintus

169 558 292 592 autem
327 566 452 591 versus
485 556 582 591 omni
609 558 708 591 caret
736 556 898 591 acumine
927 558 1036 601 atque
1065 555 1194 590 exilem
1222 555 1383 590 continet
1409 553 1523 588 humi-

169 620 311 666 lemque
334 619 453 654 locum
476 630 710 655 communem.
750 620 809 654 An
827 619 1028 665 Hippolyto
1053 618 1259 664 expositura
1277 620 1333 653 est
1349 616 1525 662 Phaedra,

171 695 279 730 quam
318 683 409 720 utile
448 695 490 719 ac
528 684 662 720 bonum
695 684 744 720 sit
778 683 982 730 scriptura?
1041 684 1158 730 Atque
1191 682 1279 718 adeo
1313 694 1384 717 non
1418 681 1523 717 modo

173 744 262 783 ‘sine
301 748 377 783 ulla
417 748 532 794 specie
569 745 784 794 elegantiae’
819 744 1055 796 (Burmann),
1096 747 1158 783 sed
1192 748 1303 782 etiam
1336 747 1396 782 vix
1428 749 1524 781 recte

171 811 236 847 illa
268 823 326 847 res
360 823 527 858 expressa
560 823 638 848 esse
673 812 817 848 videtur
849 824 935 848 voce
970 808 1040 847 ‘his
1073 808 1213 847 modis'.
1269 811 1318 846 Et
1350 810 1471 846 versui
1500 812 1522 846 3

168 878 245 911 tam
278 878 362 922 apte
395 877 568 923 tantaque
602 887 683 912 eum
717 876 876 912 efficacia
910 877 1121 924 adiungitur
1153 888 1185 912 v.
1212 877 1251 922 6,
1286 886 1393 922 quam
1425 874 1524 910 omni

168 940 206 976 vi
234 942 351 986 caret,
380 940 410 976 si
436 942 520 987 post
547 954 579 977 v.
597 943 633 987 4,
652 942 674 977 5
706 941 877 989 sequitur.

256 1005 441 1057 ‘Itemque
471 1017 561 1052 quae
590 1006 691 1052 XIII,
717 1008 809 1051 155,
836 1007 909 1042 156
939 1006 1154 1052 exprimitur
1184 1005 1357 1050 cogitatio
1387 1016 1429 1040 ea
1457 1007 1524 1048 est,

171 1080 261 1115 quae
284 1069 438 1105 maxime
461 1070 499 1105 in
522 1071 795 1122 epigrammatis
817 1071 956 1116 graecis
979 1071 1121 1116 saepius
1143 1072 1319 1115 usurpata
1342 1069 1398 1114 sit,
1421 1070 1523 1104 velut

169 1133 214 1167 ab
244 1133 481 1180 Anacreonte,
510 1146 617 1180 quem
643 1136 762 1170 locum
790 1135 896 1170 affert
917 1134 1087 1170 Loersius
1116 1134 1153 1168 111
1182 1133 1348 1168 editione.
1399 1134 1521 1179 Atque

168 1196 278 1232 etiam
302 1196 429 1232 similis
452 1198 634 1233 invenitur
651 1198 829 1233 enuntiati
850 1198 967 1233 forma
989 1199 1026 1233 in
1047 1197 1213 1243 Sapphus
1232 1197 1388 1242 epistula
1405 1210 1438 1232 v.
1458 1198 1519 1233 24.

170 1261 214 1296 In
236 1261 303 1296 hoc
325 1263 448 1297 autem
470 1263 626 1298 carmine
649 1259 772 1311 (XIII)
793 1264 857 1298 illa
878 1263 990 1298 verba
1015 1262 1157 1298 omnino
1179 1273 1252 1297 non
1274 1262 1453 1308 quadrant
1475 1261 1521 1297 ad

170 1326 394 1362 sententiam.
443 1327 539 1362 Dum
562 1328 783 1364 Protesilaus
812 1329 931 1374 abest,
961 1327 1174 1372 Laodamia,
1202 1338 1247 1362 ne
1278 1327 1390 1362 amati
1414 1327 1520 1372 plane

167 1392 290 1426 careat
317 1393 478 1436 aspectu,
512 1403 654 1428 ceream
682 1392 817 1427 intueri
845 1404 882 1428 se
911 1392 988 1427 eius
1015 1392 1209 1437 imaginem
1236 1393 1375 1436 narrat3
1410 1393 1520 1437 atque

166 1456 309 1490 tantum
337 1466 415 1490 esse
444 1467 549 1490 suum
576 1467 735 1491 amorem
764 1456 880 1501 addit,
908 1459 950 1491 ut
977 1456 1036 1491 vel
1064 1456 1155 1491 hanc
1183 1455 1393 1502 imaginem,
1429 1467 1520 1501 quae

167 1518 302 1553 referat
329 1519 453 1554 vultus
477 1521 633 1564 amatos,
666 1520 855 1555 blanditiis
884 1522 921 1554 et
949 1519 1172 1564 amplexibus
1201 1519 1305 1555 colat.
1361 1518 1437 1553 Has
1465 1529 1520 1553 co-

165 1581 361 1627 gitationes
372 1582 544 1618 Lehrsius
563 1580 602 1630 (1.
610 1594 679 1628 ap.
690 1579 757 1632 60)
769 1583 861 1619 vidit
878 1584 984 1629 plane
997 1584 1137 1619 turbari
1152 1583 1303 1618 disticho
1325 1583 1411 1628 156,
1426 1584 1520 1618 157:

301 1657 414 1693 Crede
442 1658 547 1703 mihi,
575 1659 657 1704 plus
686 1660 756 1704 est,
786 1671 894 1705 quam
922 1659 1017 1705 quod
1045 1659 1226 1703 videatur,
1256 1658 1390 1704 imago:

354 1721 457 1758 Adde
486 1733 613 1758 sonum
640 1734 761 1770 cerae,
790 1723 1012 1759 Protesilaus
1040 1723 1117 1758 erit.

274 1798 420 1832 Etenim
458 1797 626 1842 imaginis
665 1798 789 1832 laudes
827 1798 934 1842 plane
975 1798 1171 1832 absurdum
1207 1798 1243 1831 in
1276 1798 1423 1832 modum
1456 1809 1518 1832 au-

165 1862 313 1906 gentur,
346 1861 449 1907 quasi
482 1861 572 1914 nihil
607 1861 751 1896 differat
779 1872 881 1897 cerea
909 1863 1030 1896 statua
1060 1863 1097 1896 et
1124 1861 1293 1906 maritus,
1326 1860 1396 1895 nisi
1425 1859 1519 1906 quod

166 1925 265 1970 loqui
298 1936 370 1959 non
402 1925 517 1969 possit
550 1926 630 1967 illa;
663 1926 825 1971 profecto
858 1925 978 1970 potius
1011 1925 1163 1960 insultat
1196 1925 1248 1960 ita
1282 1924 1318 1959 in
1346 1925 1519 1959 maritum

166 1989 204 2023 et
226 1998 457 2034 quaecunque
480 1989 588 2023 antea
610 1988 653 2022 de
677 1988 853 2023 desiderio
879 1999 942 2023 suo
960 1987 1108 2033 dixerat,
1131 1989 1297 2023 attenuat
1313 1987 1517 2032 abiicitque.

274 2052 346 2088 Ter
379 2052 417 2087 in
451 2051 520 2087 fine
549 2053 786 2098 epistularum
814 2065 926 2089 novas
953 2064 1011 2089 res
1039 2053 1084 2088 ab
1112 2051 1430 2101 interpolatoribus
1459 2051 1518 2087 ad-

165 2128 275 2152 nexas
303 2127 381 2152 esse
409 2116 586 2151 videmus:
614 2117 677 2162 XI,
698 2119 784 2162 127,
807 2119 879 2152 128

380 2191 452 2237 Tu,
481 2202 584 2237 rogo,
612 2190 766 2227 dilectae
793 2192 945 2227 nimium
972 2191 1144 2228 mandata
1172 2190 1303 2227 sororis

433 2256 569 2292 Perfer.
597 2255 777 2292 mandatis
805 2257 973 2302 perfruar
1000 2256 1078 2302 ipsa
1106 2256 1229 2301 patris.

166 2342 425 2388 Simjllimeque
454 2319 632 2388 augentur
659 2353 713 2388 ep.
731 2342 816 2377 XIV
846 2345 883 2378 et
909 2343 1003 2378 xlx.
1047 2342 1144 2386 xlv,
1165 2343 1236 2378 131
1258 2353 1323 2387 sq.:

321 2416 485 2452 Scribere
513 2417 618 2462 plura
645 2416 744 2453 libet.
800 2417 861 2452 sed
889 2417 1047 2463 pondere
1075 2418 1177 2462 lapsa
1203 2417 1349 2451 catenae

376 2480 445 2517 Est
471 2492 613 2528 manus,
642 2483 680 2517 et
706 2480 802 2518 vires
831 2481 1013 2518 subtrahit
1039 2481 1115 2528 ipse
1144 2479 1262 2516 timor.
