1745 2813
749 94 1011 131 -41--

205 207 354 244 eandem
388 205 628 243 adhibendam
662 215 740 241 esse
775 215 954 251 normam,
992 216 1064 251 qua
1096 204 1153 241 usi
1186 216 1309 241 sumus
1343 204 1382 240 in
1414 204 1558 241 relicuis

205 272 385 318 epistulis,
423 272 703 306 consentaneum
739 270 805 304 est.
855 267 1004 304 Accedit
1035 270 1074 304 in
1106 270 1162 304 his
1194 281 1328 305 novum
1360 270 1556 315 interpola-

204 336 344 372 tionum
375 335 561 379 indicium,
601 332 696 379 quod
729 343 810 368 cum
845 332 963 368 rarius
997 333 1180 378 hucusque
1214 334 1436 379 apparuerit,
1468 345 1556 369 non-

204 400 290 435 dum
316 409 480 445 premere
504 396 613 442 volui,
642 396 737 442 quod
759 396 880 432 ficticii
901 407 1027 431 versus
1049 397 1261 442 plerumque
1283 396 1337 431 ita
1359 398 1556 442 comparati

206 466 305 510 sunt,
336 465 379 499 ut
411 462 457 497 ab
491 461 613 507 aliquo
640 460 751 497 verbo
779 460 968 507 incipiant,
1002 460 1097 506 quod
1124 460 1220 496 idem
1248 463 1303 496 est
1331 460 1369 496 in
1395 462 1556 507 proximo

204 540 309 564 versu
339 527 504 573 genuino.
514 522 544 575 ¹)

312 591 432 637 Atque
456 590 637 626 ordiamur
659 590 704 625 ab
727 589 872 625 Acontii
894 590 933 625 et
955 588 1139 635 Cydippae
1163 590 1338 636 epistulis,
1367 591 1404 626 in
1426 592 1557 637 quibus

206 668 298 703 quae
326 656 545 702 interpolata
573 667 651 691 esse
678 655 879 700 videantur,
908 655 946 689 in
968 655 1132 701 Diltheyi
1159 654 1252 690 libro
1281 656 1324 691 de
1348 656 1557 693 Callimachi

206 720 369 767 Cydippa
397 715 449 768 (p.
472 722 546 756 137
565 715 634 768 sq.)
663 719 1012 756 circumscribuntur.

311 784 507 819 Damnavit
539 784 602 819 ille
630 795 662 819 v.
683 785 744 829 23,
762 785 823 819 24.
874 783 997 818 Primo
1032 783 1157 819 statim
1186 784 1317 819 obtutu
1345 787 1495 830 apparet
1523 785 1561 820 in

204 861 237 885 v.
257 850 318 893 21,
338 849 385 883 22
416 850 453 883 et
482 849 543 894 23,
562 846 611 883 24
641 848 790 884 eandem
817 847 1033 883 sententiam
1057 849 1093 883 et
1116 847 1259 893 quidem
1282 847 1355 883 illis
1378 849 1560 895 elegantia

205 912 360 958 quadam
377 915 414 948 et
430 913 679 958 concinnitate,
699 912 754 947 his
772 912 997 958 ineleganter
1014 914 1051 947 et
1068 911 1223 947 absurde
1242 912 1403 957 exprimi.
1436 913 1558 949 Nexus

206 977 299 1012 enim
329 978 587 1012 sententiarum
615 977 672 1012 hic
700 979 771 1012 est:
800 976 902 1012 Licet
929 977 1056 1012 fraude
1081 979 1118 1012 te
1141 976 1237 1011 dicas
1261 988 1339 1011 esse
1362 977 1559 1023 deceptam,

206 1041 396 1076 dummodo
425 1042 529 1076 huius
558 1052 703 1076 causam
730 1051 809 1075 esse
837 1032 1144 1075 am01·em⁸meum
1172 1040 1343 1076 concedas
1372 1036 1452 1088 (21,
1472 1038 1558 1088 22)3

204 1117 288 1140 nam
320 1116 392 1141 non
425 1116 504 1140 sum
536 1105 667 1139 natura
699 1105 776 1139 tam
806 1103 957 1139 callidus
986 1099 1053 1152 (25
1073 1100 1153 1151 sq.).
1204 1104 1360 1140 Turbari
1389 1105 1478 1141 haec
1505 1106 1556 1141 di-

206 1170 320 1205 sticho
350 1171 411 1214 23,
432 1171 481 1204 24
510 1171 627 1214 patet3
656 1168 751 1214 quod
779 1169 922 1214 quidem
950 1169 1125 1204 insertum
1154 1180 1231 1204 esse
1259 1169 1404 1206 videtur
1433 1172 1478 1206 ab
1505 1183 1557 1216 eo,

209 1234 271 1280 qui
299 1245 353 1280 ep.
364 1229 419 1277 ΙΙ,
444 1234 504 1279 27,
524 1233 572 1269 28
596 1232 802 1268 imitaturus
826 1235 914 1269 erat.
971 1232 1129 1279 Cumque
1152 1244 1216 1269 nec
1232 1229 1351 1280 'probe
1373 1235 1488 1271 latina
1511 1236 1558 1272 sit

205 1312 239 1334 v.
258 1301 307 1334 24
331 1299 439 1334 dictio
461 1310 527 1334 nec
549 1298 833 1333 conjecturarum
861 1298 1034 1335 machinis
1063 1298 1153 1333 effici
1181 1300 1307 1343 possit,
1336 1303 1377 1335 ut
1399 1301 1556 1336 relieuae

206 1362 383 1408 epistulae
412 1364 558 1398 auctore
587 1361 696 1408 digna
722 1361 802 1407 fiat,
836 1362 902 1397 has
935 1373 1061 1398 causas
1095 1362 1258 1398 sufficere
1286 1365 1374 1409 puto
1403 1363 1448 1400 ad
1475 1375 1556 1400 cou—

206 1427 426 1462 demnandos
454 1438 590 1462 versus.

313 1491 390 1526 Nec
422 1491 560 1526 minore
593 1490 670 1525 iure
704 1490 1044 1543 circumscribuntur
1073 1503 1104 1527 v.
1123 1493 1191 1536 43,
1210 1493 1277 1536 44,
1308 1492 1440 1537 quippe
1468 1504 1557 1537 quos

207 1558 284 1592 tam
312 1555 505 1591 abhorrere
534 1568 555 1591 a
582 1555 652 1591 loci
679 1555 827 1591 consilio
855 1567 962 1601 quam
990 1555 1126 1592 insulse
1156 1555 1225 1592 dici
1247 1556 1475 1602 perspicuum
1499 1557 1557 1594 sit.

205 1621 300 1655 Nam
327 1623 369 1655 ut
395 1632 467 1655 non
494 1620 547 1655 ita
574 1632 739 1666 urgeam,
773 1631 881 1664 quam
911 1620 1029 1654 ieiune
1057 1631 1162 1654 voces
1192 1616 1297 1665 ‘capi’
1328 1623 1365 1655 et
1393 1617 1558 1666 ‘captari'

206 1686 461 1720 coacerventur
484 1685 592 1730 atque
614 1686 778 1720 vertatur
802 1686 952 1729 uterque
975 1694 1100 1719 versus
1123 1683 1161 1718 in
1184 1683 1309 1719 eadem
1331 1685 1559 1731 cogitatione,

206 1749 302 1784 tardi
335 1751 431 1784 certe
466 1750 503 1783 et
537 1748 663 1783 inculti
690 1748 824 1793 ingenii
851 1748 922 1786 fuit
949 1748 1204 1793 interpolator,
1240 1748 1301 1792 qui
1328 1760 1401 1784 non
1428 1749 1560 1784 viderit

207 1825 245 1848 se
277 1813 316 1847 in
347 1824 418 1847 uno
453 1812 647 1857 eodemque
681 1812 834 1847 disticho
868 1812 946 1857 ipsa
982 1812 1162 1846 contraria
1195 1812 1420 1858 coniungere.
1483 1813 1558 1847 Nec

206 1877 398 1912 cohaerent
425 1876 536 1912 verba
563 1876 630 1911 hoc
659 1878 801 1911 servato
830 1876 997 1921 disticho,
1028 1887 1113 1911 nam
1146 1872 1315 1920 ‘partem'
1344 1879 1382 1911 et
1410 1872 1557 1912 ‘omnia’

207 1937 293 1990 (45)
321 1940 561 1976 adnectuntur
588 1941 634 1975 ad
662 1936 752 1984 ε1111’,
780 1941 875 1999 quod
902 1941 941 1975 in
967 1951 999 1976 v.
1019 1942 1067 1976 42
1098 1942 1163 1975 est.

313 2005 364 2040 At
398 2004 518 2040 extitit
551 2003 656 2039 huius
690 2004 835 2040 distichi
863 2005 1029 2040 defensor
1065 2005 1319 2050 Sedlmayerus
1349 2000 1454 2052 (prol.
1480 2006 1558 2041 crit.

206 2083 239 2116 p.
260 2071 308 2105 78
337 2056 371 2106 n.
390 2065 476 2117 59),
509 2068 570 2114 qui
603 2068 736 2103 retinet
769 2081 896 2105 versus
923 2069 1085 2115 putidos,
1114 2081 1196 2104 cum
1224 2081 1347 2105 eorum
1377 2072 1558 2105 structura

207 2135 334 2170 similis
363 2134 528 2170 videatur
556 2133 587 2168 ei
617 2144 708 2178 quae
737 2135 793 2168 est
826 2134 864 2168 in
892 2146 961 2170 am.
984 2134 1012 2179 I,
1032 2135 1066 2177 4,
1087 2135 1147 2170 13.
1197 2134 1291 2175 Quid
1313 2135 1422 2169 vero?
1450 2147 1557 2179 quae-

207 2211 345 2245 cunque
379 2198 562 2235 Ovidianis
598 2197 783 2243 quibusvis
817 2198 937 2233 verbis
972 2198 1103 2233 similia
1137 2200 1235 2243 sunt,
1274 2210 1360 2232 num
1393 2210 1436 2233 ea
1468 2199 1556 2234 assi-

295 2303 325 2343 1)
350 2301 427 2333 Fuit
448 2301 534 2333 illud
556 2301 592 2333 in
613 2312 644 2333 V.
668 2301 693 2341 I,
716 2304 772 2339 373
795 2301 837 2340 V,
856 2304 906 2333 45.
951 2302 1063 2342 Atque
1093 2301 1226 2342 saepius
1247 2301 1337 2333 idem
1360 2301 1559 2334 observatur

206 2355 242 2388 in
259 2354 551 2397 interpolamentis
568 2355 664 2388 velut
679 2353 794 2387 Horat.
812 2364 915 2388 carm.
932 2355 959 2396 I,
977 2358 1006 2395 2,
1020 2358 1054 2395 ὅς
1073 2365 1125 2397 ep.
1144 2354 1232 2396 XVI,
1249 2358 1288 2387 65
1306 2354 1361 2395 (cf.
1374 2354 1426 2387 ed.
1445 2355 1557 2388 Hofm.

206 2409 432 2451 Peerlkamp),
456 2410 525 2442 Iuv.
546 2409 615 2442 Sat.
633 2408 706 2449 VH,
725 2411 765 2441 15
783 2408 825 2441 cf.
844 2408 1009 2450 Ribbeck,
1035 2409 1109 2441 ‘der
1131 2409 1227 2441 echte
1249 2408 1317 2440 und
1339 2408 1399 2440 der
1416 2409 1559 2442 unechte

206 2463 358 2495 Iuvenal’
383 2474 415 2505 p.
435 2466 506 2495 128.
