1745 2813
735 142 993 182 *33-

291 253 454 300 Denique
494 253 681 299 serupulus
720 253 872 289 iniectus
911 256 967 290 est
1005 255 1048 289 de
1086 266 1254 290 versuum
1290 249 1534 291 collocatione.

185 318 316 363 Incipit
353 318 532 363 Penelope
573 329 765 364 exponere,
813 306 1045 364 quaecunque
1085 319 1128 353 de
1167 320 1318 365 coniuge
1361 321 1534 365 timuerit,

185 383 300 427 atque
321 393 434 427 usque
464 382 510 416 ad
537 394 570 417 v.
590 383 639 417 22
663 382 823 417 nondum
845 385 1147 418 commemoratur
1167 384 1378 429 periculum,
1405 386 1443 420 in
1465 398 1535 430 quo

184 457 223 480 re
250 457 339 481 vera.
373 445 527 480 coniunx
559 447 725 481 versatus
761 447 825 482 sit-,4
874 446 987 492 Atqui
1021 447 1237 482 concludunt
1269 448 1360 482 hanc
1395 451 1536 493 partem

184 509 295 544 verba

292 585 353 619 22.
383 583 453 618 Sed
479 584 569 619 bene
597 585 777 620 consuluit
806 587 905 620 casto
935 586 1024 621 deus
1053 598 1188 632 aequus
1217 586 1348 632 amori,

440 647 556 683 Versa
576 651 639 683 'est
665 649 703 683 in
730 649 866 685 cineres
895 651 1030 695 sospite
1059 650 1168 685 Troia
1195 650 1290 694 viro,

183 732 277 767 unde
311 732 408 767 haud
442 733 514 768 scio
548 745 594 768 an
626 735 829 779 putandum
864 736 911 770 sit
943 735 981 770 in
1014 736 1178 770 versibus
1206 735 1367 780 proxime
1395 738 1536 770 antece-

184 796 351 831 dentibus
391 797 434 831 de
469 797 584 833 Ulixis
623 798 735 843 ipsius
769 798 937 844 periculis
971 799 1107 835 dictum
1141 810 1229 835 esse.
1292 799 1384 833 Tum
1416 800 1537 844 pergit

184 872 359 906 exponere
395 861 524 896 ceteris
564 862 736 897 uxoribus
775 864 924 898 maritos
965 875 1048 899 suos
1088 863 1253 908 rediisse,
1293 864 1401 908 atque
1441 863 1537 908 quod

182 924 265 959 huic
293 925 496 970 oppositum
525 928 744 972 expectatur,
774 928 843 962 sibi
870 939 942 962 non
969 927 1118 962 rediisse
1147 939 1268 971 suum,
1297 927 1364 961 1100
1392 926 1536 970 quidem

182 988 306 1023 decem
332 989 497 1025 versibus
525 990 751 1036 intermissis,
779 1003 931 1036 quorum
959 994 1131 1036 quattuor
1159 990 1330 1026 delendos
1353 1002 1432 1026 0880
1455 1003 1533 1026 0011-

184 1063 318 1098 80111118,
353 1053 496 1088 demum
531 1054 696 1099 sequitur
722 1067 756 1090 v.
785 1056 835 1090 47
866 1066 915 1099 sq.
972 1055 1039 1090 His
1073 1056 1190 1090 causis
1218 1067 1461 1100 commoveor,
1495 1058 1535 1090 ut

182 1127 307 1151 versus
336 1117 402 1151 hoc
429 1117 551 1152 ordine
586 1118 810 1153 collocandos
847 1130 924 1153 esse
957 1130 1137 1154 censeam:
1173 1121 1241 1164 22,
1274 1120 1448 1165 41—46,
1484 1120 1533 1154 23

184 1181 300 1225 —36,
329 1182 378 1215 47
409 1193 459 1225 sq.

292 1243 449 1279 Fabulas
478 1244 652 1290 quasdam
680 1246 897 1292 supplendas
926 1258 1003 1289 esse
1033 1246 1172 1282 duobus
1201 1247 1303 1293 locis,
1331 1257 1404 1292 qua
1431 1249 1534 1282 erant

183 1309 429 1354 mythologice
457 1310 629 1356 doctrina,
658 1311 794 1356 opinati
817 1323 895 1347 esse
922 1313 1092 1347 videntur
1119 1312 1355 1357 grammatici.

289 1372 356 1417 Ep.
385 1372 428 1418 V,
462 1386 496 1409 v.
527 1375 619 1420 151,
655 1376 730 1410 152
771 1375 844 1410 iam
882 1375 1016 1410 dudum
1055 1376 1218 1411 homines
1258 1375 1353 1410 docti
1392 1376 1533 1421 spurios

184 1440 438 1482 cognoverunt.
496 1438 587 1473 Tam
620 1439 717 1474 enim
758 1440 1014 1485 supervacanei
1049 1442 1148 1485 sunt,
1188 1451 1296 1485 quam
1335 1440 1534 1475 orationem

182 1501 333 1535 moleste
362 1501 641 1547 interrumpunt.
686 1503 885 1548 Postquam
908 1504 1050 1539 Oenone
1079 1505 1124 1538 ab
1149 1504 1319 1548 Apolline
1348 1515 1426 1539 sese
1456 1516 1530 1539 om-

184 1575 247 1598 nes
280 1565 427 1610 herbae,
461 1566 591 1610 quibus
626 1567 744 1601 morbi
777 1568 896 1602 sanari
925 1569 1089 1613 possent,
1123 1567 1332 1613 cognovisse
1361 1567 1533 1612 narravit,

181 1629 220 1664 in
248 1631 409 1665 extrema
437 1630 594 1675 epistula
622 1626 889 1677 elegantissime
918 1633 963 1667 ad
985 1644 1145 1668 amorem
1167 1632 1262 1668 redit
1285 1644 1400 1678 suum,
1428 1645 1535 1677 quem

181 1693 302 1728 herbis
335 1705 407 1728 11011
441 1705 518 1729 0880
554 1691 830 1730 ‘medicabilem'
859 1708 967 1742 quam
996 1697 1224 1732 acerbissime
1253 1697 1364 1742 luget.
1421 1697 1471 1731 Et
1497 1697 1534 1730 in

180 1758 335 1793 mediam
364 1759 454 1794 hanc
483 1759 740 1805 cogitationem
767 1761 976 1796 inseruntur
1004 1762 1091 1796 haec
1120 1762 1245 1797 verba:

374 1833 456 1877 Ipse
484 1836 650 1878 repertor
677 1835 754 1879 opis
782 1846 907 1869 vaccas
935 1836 1077 1879 pavisse
1106 1836 1285 1870 Pheraeas

438 1896 571 1933 Fertur
599 1900 636 1934 et
663 1911 682 1934 e
710 1903 833 1935 nostro
863 1900 1005 1936 saucius
1033 1900 1115 1946 igne
1143 1900 1223 1936 fuit.

180 1982 258 2017 Iam
285 1993 370 2017 vero
398 1993 471 2017 non
498 1985 627 2027 poetae
656 1984 916 2029 elegantissimi
945 1986 1007 2021 sed
1034 1986 1271 2021 balbutientis
1305 1985 1459 2020 hominis
1494 1986 1532 2019 in

180 2047 326 2081 modum
352 2047 477 2082 fabula
504 2049 688 2094 narratur,
723 2050 892 2095 quoniam
920 2052 957 2086 et
985 2051 1037 2096 id,
1072 2051 1166 2096 quod
1195 2063 1335 2087 summa
1362 2053 1418 2086 est
1450 2063 1529 2085 ora-

180 2112 305 2157 tionis,
338 2112 544 2156 Apollinem
573 2123 611 2146 se
638 2113 758 2157 ipsum
786 2117 912 2149 contra
939 2116 1071 2150 amoris
1100 2116 1220 2161 ignem
1248 2116 1343 2149 tueri
1369 2126 1441 2149 non
1468 2126 1530 2159 po-

180 2175 293 2211 tuisse
322 2176 374 2211 ita
402 2176 603 2222 exponitur,
631 2178 735 2222 quasi
764 2178 811 2214 sit
838 2179 986 2215 minoris
1008 2181 1192 2226 momenti,
1220 2183 1256 2215 et
1279 2179 1410 2215 amoris
1433 2179 1530 2214 illius

181 2240 320 2275 occasio
348 2242 391 2275 ut
419 2242 528 2285 caput
554 2252 674 2275 rerum
702 2241 740 2276 in
767 2242 884 2278 lucem
912 2244 1068 2288 ponitur.

286 2304 387 2340 Idem
420 2305 650 2340 statuendum
685 2308 747 2342 est·
774 2306 818 2342 de
846 2308 1010 2344 versibus
1038 2309 1139 2354 VIII,
1170 2312 1231 2356 71,
1261 2311 1325 2353 72,
1364 2320 1453 2353 quos
1483 2309 1528 2344 ab

180 2368 439 2414 interpolatore
467 2369 607 2405 hebetis
635 2370 771 2415 ingenii
799 2372 940 2407 additos
973 2384 1050 2408 esse
1084 2362 1245 2418 apparet.
1299 2373 1393 2407 Nam
1426 2384 1530 2418 prae·

180 2433 345 2477 terquam
378 2433 473 2478 quod
506 2435 625 2468 totum
657 2446 770 2479 paene
804 2434 984 2471 distichon
1017 2438 1101 2472 solis
1135 2437 1339 2471 nominibus
1373 2437 1530 2482 propriis

180 2496 335 2532 efficitur
362 2499 471 2542 atque
500 2498 649 2533 metrica
677 2500 770 2534 ratio
798 2511 871 2534 non
893 2512 1002 2535 unam
1025 2501 1069 2535 ob
1093 2512 1238 2536 causam
1262 2500 1439 2536 ovidiana
1460 2513 1529 2536 non

1251 2566 1268 2591 3
