1745 2813
510 346 599 400 Gap.
623 345 673 387 II.
725 345 782 387 De
805 346 996 389 versibus
1018 345 1230 411 insiticiis.

829 461 913 508 §L

302 546 488 591 Epistulas
518 546 638 583 Ovidii
671 547 838 584 heroides
873 551 1163 595 sectatorumque
1198 549 1275 584 eius
1309 549 1346 584 in
1373 548 1553 584 codicibus

195 621 222 644 s.
247 610 319 645 XII
352 611 613 647 recentioribus
653 612 779 658 augeri
819 612 983 649 videmus
1016 612 1180 648 versibus
1215 614 1340 658 aperte
1373 612 1504 658 spuriis
1512 607 1553 660 ¹).

195 674 264 716 Qui
297 686 370 709 non
405 687 527 712 omnes
556 676 682 711 eodem
710 679 873 722 tempore
901 676 1028 712 inserti
1056 688 1134 712 esse
1164 676 1347 713 videntur:
1382 676 1445 712 alii
1472 687 1554 711 cum

194 737 267 772 iam
301 736 340 773 in
367 739 543 775 Etonensi
578 743 793 786 appareant,
827 743 911 775 ante
941 752 969 777 s.
991 740 1059 786 XI,
1093 740 1155 775 alii
1183 752 1209 776 s.
1233 740 1463 785 XII—XIII,
1492 739 1555 774 alii

193 802 304 838 etiam
331 804 532 848 posteriore
561 793 723 850 tempore
748 804 970 851 invaserunt,
998 806 1107 851 atque
1133 815 1176 840 ea
1198 815 1339 851 quoque
1361 815 1431 850 res,
1459 803 1554 849 quod

193 866 309 912 magis
338 867 503 904 minusve
531 868 612 903 aliis
641 869 704 903 alii
733 871 817 904 sunt
844 869 934 904 viles
964 869 1155 914 exilesque,
1184 880 1245 904 eos
1267 868 1452 905 variorum
1474 879 1554 902 esse

193 933 381 967 auctorum
415 932 529 968 docet.
582 931 653 968 Sed
686 943 768 968 cum
801 935 838 969 et
870 935 992 969 cetera
1019 933 1174 969 Nasonis
1209 944 1320 979 opera
1352 934 1390 968 et
1418 931 1554 978 epistu-

193 996 251 1030 lae
284 996 451 1032 heroides
483 999 581 1032 certe
610 997 769 1033 studiose
798 999 946 1043 excepta
974 999 1096 1033 essent
1123 998 1385 1043 diligenterque
1413 996 1554 1032 lectita-

194 1061 321 1095 rentur
359 1063 398 1096 et
435 1063 681 1097 tractarentur
724 1061 850 1107 primis
883 1064 967 1107 post
999 1074 1082 1097 eum
1116 1061 1282 1097 saeculis:
1323 1060 1554 1109 cogitandum

198 1126 254 1159 est
281 1127 360 1159 tum
387 1125 505 1170 ipsum
535 1137 607 1171 eas,
635 1127 754 1172 quoad
782 1126 859 1161 fieri
886 1128 1040 1172 poterat,
1068 1126 1232 1162 versibus
1261 1125 1451 1170 adscriptis
1480 1136 1555 1159 am-

193 1188 371 1233 plificatas
401 1201 488 1225 esse.
538 1190 658 1236 Atque
687 1203 725 1226 re
754 1202 841 1227 vera
868 1191 1016 1226 ubertas
1045 1201 1086 1226 ae
1113 1190 1269 1226 facilitas
1291 1189 1356 1224 illa
1378 1188 1555 1225 Ovidiana

194 1264 309 1297 neque
349 1253 468 1289 minus
509 1266 552 1289 ea
591 1266 665 1300 res,
704 1255 801 1299 quod
841 1254 990 1290 Ovidius
1030 1254 1289 1300 cogitationum
1327 1253 1554 1288 affluentium

194 1316 329 1352 tractui
356 1317 548 1364 indulgens
576 1318 614 1353 in
642 1318 794 1365 singulis
823 1317 987 1364 epistulis
1010 1309 1289 1363 haudquaquam
1312 1317 1358 1353 ad
1380 1317 1554 1353 materiae

194 1381 467 1425 dispositionem
493 1393 657 1417 severam
680 1384 789 1428 atque
807 1382 1038 1417 artificiosam
1056 1392 1093 1416 se
1111 1381 1357 1417 accommodat
1384 1383 1422 1417 et
1437 1381 1553 1442 magis

196 1444 308 1479 etiam
336 1456 446 1490 quam
474 1445 511 1479 in
537 1445 666 1480 ceteris
690 1445 906 1481 carminibus
931 1445 1004 1480 suis
1027 1445 1173 1479 modum
1196 1444 1348 1480 excedit:
1378 1445 1465 1480 haec
1485 1444 1552 1490 igi-

195 1511 266 1554 tur,
288 1520 381 1553 quae
399 1508 571 1544 Senecam
593 1521 735 1555 quoque
757 1510 795 1544 in
817 1521 859 1544 eo
882 1509 1106 1554 vituperasse
1123 1509 1286 1544 videmus
1305 1504 1366 1557 (cf.
1384 1508 1552 1544 Controv.

194 1572 243 1608 II.
263 1574 296 1607 2.
322 1568 409 1621 (10)
429 1575 450 1608 9
471 1569 541 1622 sq.)
568 1573 731 1609 homines
759 1573 925 1608 literatos
954 1575 1139 1618 tamquam
1167 1573 1357 1618 pellexisse
1385 1571 1554 1608 videntur

198 1636 244 1671 ad
278 1637 495 1672 imitandum
521 1637 689 1673 Ovidium
718 1639 826 1683 atque
848 1637 1045 1682 impulisse,
1074 1638 1116 1671 ut
1143 1636 1229 1682 quid
1256 1638 1404 1682 possent
1426 1636 1464 1671 in
1491 1648 1552 1671 au-

196 1701 314 1746 gendo
355 1703 464 1746 poeta
503 1701 805 1746 periclitarentur.
868 1701 966 1736 Haec
1004 1701 1099 1746 ipsa,
1138 1712 1229 1746 quae
1262 1703 1341 1736 tum
1375 1703 1456 1736 orta
1488 1703 1554 1746 est,

195 1765 516 1811 interpolationum
552 1766 654 1811 copia
687 1778 849 1812 quaeque
884 1766 1053 1801 absoluta
1086 1766 1182 1801 inest
1215 1765 1252 1799 in
1285 1765 1553 1810 vetustissimis,

197 1830 259 1874 qui
282 1830 385 1864 nobis
410 1832 494 1865 sunt
516 1831 603 1875 noti,
632 1831 824 1874 codicibus,
853 1831 928 1865 sine
952 1830 1060 1865 dubio
1082 1841 1155 1864 non
1178 1829 1292 1864 omnis
1316 1829 1441 1864 eodem
1463 1831 1552 1877 tem-

196 1904 300 1938 pore,
336 1894 398 1929 sed
431 1894 513 1929 inde
548 1906 569 1929 a
596 1895 714 1939 prima
741 1896 825 1939 post
852 1893 949 1929 edita
977 1894 1065 1928 haec
1093 1893 1253 1928 carmina
1280 1895 1399 1928 aetate
1427 1894 1551 1938 paula-

196 1957 262 1991 tim
292 1958 481 1994 succrevit.

302 2022 428 2068 Neque
456 2034 543 2058 vero
571 2022 708 2068 primus
736 2022 804 2057 hoc
832 2022 1054 2068 excogitasse
1082 2022 1170 2057 mihi
1195 2021 1340 2065 -videor3
1375 2022 1447 2057 iam
1475 2022 1552 2057 Nic.

196 2086 384 2133 Heinsius,
418 2083 630 2132 ‘sospitator
656 2087 718 2122 ille
748 2083 899 2133 Ovidji',
932 2087 1116 2133 aliquanto
1151 2087 1260 2122 etiam
1294 2087 1409 2133 magis
1444 2098 1551 2132 quam

196 2153 317 2187 cetera
339 2151 496 2187 Nasonis
526 2162 635 2197 opera
664 2151 837 2197 epistulas
865 2151 939 2186 her.
968 2151 1132 2187 versibus
1155 2151 1319 2186 insiticiis
1342 2153 1439 2202 recte
1461 2151 1551 2186 vidit

196 2218 351 2263 scatere,
385 2227 526 2262 quaque
561 2217 640 2251 erat
674 2216 872 2262 sagacitate
906 2216 1101 2262 subtilique
1134 2216 1281 2261 iudicio,
1315 2216 1411 2250 haud
1438 2227 1552 2261 pauca

196 2280 351 2316 disticha
385 2281 522 2326 optimo
555 2281 632 2316 iure
666 2281 705 2316 in
738 2281 976 2327 suspicionem
1009 2281 1163 2317 vocavit.
1218 2280 1334 2322 Quam
1367 2280 1464 2315 viam
1498 2280 1550 2316 in·
1596 2321 1602 2325 Ι

197 2356 343 2389 gressus
378 2346 472 2388 erat,
514 2344 576 2379 alii
607 2345 817 2390 posterioris
850 2345 982 2380 aetatis
1015 2345 1191 2390 philologi
1224 2344 1338 2379 secuti
1372 2346 1471 2389 sunt,
1509 2347 1552 2379 ut

196 2419 290 2443 nunc
317 2408 393 2443 fere
422 2407 460 2443 in
488 2407 654 2442 omnibus
680 2407 896 2443 editionibus
918 2408 1020 2444 velut
1042 2405 1206 2453 Merlieli,
1233 2407 1355 2453 Riesii,
1382 2408 1551 2454 Palmeri,

285 2523 316 2563 1)
340 2521 488 2563 Collegit
510 2531 567 2553 eos
591 2520 827 2562 Sedlmayerus
850 2521 871 2554 1.
891 2532 918 2554 e.
938 2533 970 2563 p.
989 2525 1029 2554 65
1043 2532 1090 2561 sq.
