1745 2813
712 57 868 123 *40
927 107 970 112 -

801 246 879 295 §a

267 336 423 370 Restant
457 335 561 370 nobis
596 346 657 370 sex
691 335 842 371 ultimae
877 335 1053 380 epistulae
1086 335 1312 380 tractandae,
1352 335 1398 371 ad
1431 347 1520 381 quas

158 412 241 435 cum
273 401 371 434 certe
403 410 473 433 non
514 399 587 434 sint
623 394 877 447 Ovidianae1)‚
912 399 1052 443 spurios
1085 399 1358 445 investigaturis
1394 410 1519 434 versus

161 463 287 499 eodem
311 463 416 498 modo
441 464 549 508 atque
572 463 618 498 ad
640 463 817 509 genuinos
841 463 991 510 aggredi
1007 463 1111 499 nobis
1127 475 1200 500 non
1216 464 1311 501 licet.
1357 463 1520 509 Scriptae

161 540 240 563 esse
273 528 443 563 videntur
475 529 572 562 certe
606 539 678 563 non
711 529 827 564 multo
860 531 943 573 post
972 527 1091 564 Ovidii
1125 531 1284 566 aetatem
1312 531 1420 574 atque
1447 529 1519 563 for-

160 594 258 627 tasse
286 592 349 627 illo
378 591 457 637 ipso
479 594 653 637 tempore,
683 603 753 638 quo
780 592 955 638 epistulae
978 592 1318 637 interpolationibus
1340 593 1520 640 inquinari

161 659 308 702 coeptae
343 659 437 693 sunt.
488 656 622 692 Omnes
656 659 779 692 autem
812 659 952 692 tumore
984 668 1155 702 superare
1182 658 1357 703 genuinas
1386 658 1520 704 elegias

147 723 319 765 'constat3
343 722 406 756 sed
429 733 557 757 vereor
578 724 620 756 ut
642 721 747 757 istius
763 721 993 766 loquacitatis
1010 721 1206 767 quidquam
1223 722 1378 757 resecari
1394 722 1520 768 possit,

161 797 242 820 cum
275 786 488 830 plerumque
523 796 646 819 omnes
680 784 919 830 cogitationes
953 784 1048 820 iuste
1082 787 1237 830 apteque
1271 785 1366 821 inter
1397 797 1434 821 se
1463 798 1519 821 co-

161 850 346 885 haereant.
393 849 618 894 Quamquam
651 859 732 883 cum
770 848 913 889 omnino
945 848 1011 884 hoc
1040 848 1277 894 epistularum
1304 861 1418 895 genus
1446 850 1521 886 tale

162 916 276 959 esset,
316 916 357 948 ut
384 915 493 959 poeta
525 912 563 947 in
600 912 809 947 enarrandis
845 912 1132 958 explicandisque
1161 914 1384 959 argumentis
1413 915 1520 950 certis

163 990 235 1013 non
274 977 630 1013 circumscriberetur
669 976 816 1021 finibus,
854 976 914 1011 vel
953 976 1109 1011 maxima
1147 977 1342 1012 verborum
1379 978 1522 1013 luxuria

163 1042 273 1077 etiam
302 1041 429 1087 augeri
456 1043 493 1076 et
521 1039 732 1084 amplificari
754 1042 909 1084 poterat.
937 1059 982 1063 —
1007 1040 1133 1085 Neque
1156 1041 1312 1076 multum
1336 1041 1520 1087 efficimus,

164 1107 194 1142 si
222 1107 289 1141 hoc
317 1106 376 1141 vel
404 1104 495 1140 illud
523 1116 594 1139 non
622 1103 741 1139 Ovidii
768 1115 868 1139 more
897 1104 1033 1139 dictum
1062 1116 1140 1140 esse
1169 1106 1371 1141 statuimus.
1426 1106 1520 1141 Nam

163 1171 234 1207 etsi
273 1183 350 1216 eos,
389 1170 450 1215 qui
483 1171 763 1214 composuerunt
797 1169 972 1213 epistulas
1009 1169 1092 1204 illas
1132 1168 1346 1205 Ovidianum
1388 1182 1520 1206 sermo-

162 1247 244 1271 nem
284 1235 440 1281 perbene
476 1233 620 1269 novisse
656 1235 693 1269 et
729 1232 915 1269 imbibisse
955 1228 1113 1282 patet2),
1154 1235 1277 1270 tamen
1316 1235 1346 1271 si
1379 1235 1520 1282 quando

163 1301 209 1335 ab
234 1312 276 1335 eo
300 1300 482 1343 aberrant,
504 1299 571 1333 hoc
594 1310 666 1332 non
690 1298 778 1333 satis
801 1298 944 1332 firmum
968 1298 1137 1333 indicium
1161 1311 1238 1334 esse
1262 1312 1389 1335 censeo
1411 1301 1520 1336 inter-

164 1364 368 1410 polationis.
419 1362 486 1398 His
521 1362 565 1397 de
599 1362 716 1398 causis
750 1373 811 1397 eas
846 1373 868 1397 a
895 1361 1039 1397 relicuis
1068 1363 1243 1408 separavi.
1276 1383 1320 1389 —
1353 1364 1521 1401 Ceterum

254 1492 284 1527 1)
308 1488 381 1520 Hoc
404 1497 466 1528 pro
489 1487 664 1527 explorato
687 1496 774 1518 nunc
797 1485 922 1518 habere
946 1486 1037 1526 licet,
1060 1488 1239 1527 postquam
1263 1487 1376 1519 variae
1399 1488 1440 1520 de
1458 1489 1522 1521 hac

164 1553 199 1575 re
228 1541 272 1574 ab
299 1539 492 1574 hominibus
520 1539 631 1572 doctis
658 1539 836 1573 institutae
865 1541 943 1572 sunt
972 1539 1203 1581 quaestiones,
1232 1541 1274 1574 de
1304 1541 1424 1583 quibus
1457 1542 1522 1576 sin-

164 1595 312 1638 gillatim
335 1594 526 1636 disceptare
548 1594 584 1626 in
607 1595 719 1627 animo
742 1605 808 1626 non
832 1594 952 1627 habeo.

255 1649 467 1689 Quamquam
495 1658 564 1679 non
591 1647 680 1680 inter
702 1647 887 1679 infirmiora
908 1647 999 1679 illius
1022 1648 1211 1681 sententiae
1236 1651 1437 1691 argumenta
1458 1651 1522 1684 hoc

164 1702 411 1736 numerandum
441 1711 511 1734 esse
536 1700 694 1741 equidem
718 1711 854 1742 censeo,
884 1702 975 1742 quod
998 1701 1154 1742 Ovidius,
1183 1701 1258 1734 cuni
1287 1713 1322 1735 se
1345 1704 1522 1737 heroidum

165 1757 328 1798 epistulas
357 1755 585 1796 composuisse
610 1756 768 1794 testetur,
798 1755 892 1787 nullo
915 1756 990 1788 loco
1014 1755 1055 1787 de
1078 1756 1219 1787 heroum
1243 1766 1377 1797 quoque
1399 1759 1458 1789 aut
1481 1758 1521 1790 de

168 1808 294 1841 mutuis
321 1808 406 1840 dicit
429 1808 594 1849 epistulis.
640 1808 758 1848 Neque
782 1808 824 1839 de
846 1808 911 1839 hac
933 1818 969 1840 re
991 1808 1137 1840 traditur
1159 1808 1342 1849 quidquam
1365 1809 1522 1843 Ovidium

166 1862 271 1896 etiam
300 1861 514 1903 respondisse
548 1863 607 1894 aut
635 1861 752 1894 Sabini
781 1862 840 1894 aut
867 1861 954 1894 alius
983 1863 1105 1903 poetae
1134 1862 1319 1904 opusculis,
1349 1863 1388 1895 ut
1414 1864 1523 1897 altera

168 1927 322 1958 quaeque
340 1915 489 1958 epistula
506 1915 619 1948 Ovidii
637 1915 691 1949 sit.
712 1935 750 1939 —
771 1915 911 1948 Mirifice
928 1915 953 1947 ii
969 1914 1108 1956 faciunt,
1133 1915 1201 1958 qui,
1225 1927 1300 1949 cum
1318 1918 1430 1950 aetate
1447 1928 1522 1959 pro-

165 1972 301 2004 vectum
330 1970 501 2002 Nasonem
530 1969 608 2001 illas
637 1970 771 2001 mutuas
799 1969 962 2011 epistulas
991 1969 1226 2011 conscripsisse
1255 1971 1422 2011 statuant,
1455 1982 1523 2003 non

167 2024 323 2056 dubitare
357 2023 517 2054 videntur
550 2023 731 2055 molestam
764 2023 860 2055 illam
894 2024 929 2055 et
956 2021 1196 2056 exuberantem
1230 2023 1390 2056 orationis
1419 2025 1522 2057 abun-

165 2078 333 2118 dantiam,
363 2076 473 2117 qualis
502 2078 647 2127 apparet
674 2076 709 2108 in
737 2076 822 2117 illis,
851 2076 882 2108 ei
905 2077 1077 2119 assignare
1100 2077 1237 2119 poetae,
1266 2077 1324 2118 qui
1345 2077 1419 2119 ipse
1442 2078 1522 2110 adu-

165 2133 295 2165 lescens
319 2130 472 2164 carmina
493 2131 612 2163 mirum
638 2132 800 2172 quantum
817 2131 987 2172 perpolita
1004 2133 1040 2164 et
1057 2131 1236 2173 aptissima
1253 2131 1351 2172 copia
1368 2133 1404 2163 et
1425 2132 1522 2164 uber-

167 2187 237 2218 tate
266 2184 415 2226 insignia
444 2185 652 2226 composuit;
681 2184 777 2225 quasi
804 2195 884 2216 vero
913 2195 980 2217 non
1003 2195 1201 2226 progressus
1224 2184 1329 2216 faciat
1350 2185 1450 2217 homo
1473 2185 1522 2217 in-

166 2239 325 2281 geniosus
349 2238 409 2271 sed
431 2248 612 2280 regressus.

253 2294 286 2334 2)
310 2293 364 2325 W.
394 2292 550 2333 Zingerle
578 2293 647 2334 (zur
675 2292 946 2333 Echtheitsfrage
975 2292 1035 2324 der
1062 2290 1263 2332 Heroiden)‚
1298 2302 1374 2323 cum
1408 2301 1523 2324 omnes

166 2346 228 2379 XX
257 2346 421 2388 epistulas
449 2345 612 2388 genuinas
641 2355 713 2378 esse
743 2346 975 2378 demonstrare
1010 2345 1161 2386 studeat,
1194 2344 1261 2377 hoc
1290 2344 1397 2376 solum
1426 2345 1524 2378 docet

168 2402 323 2434 accurate
351 2400 386 2432 in
415 2400 461 2432 VI
490 2399 620 2432 ultimis
650 2399 803 2443 epistulis
833 2399 1036 2433 Ovidianum
1068 2397 1202 2432 dicendi
1231 2408 1330 2431 usum
1357 2398 1523 2433 imitando

168 2464 361 2497 expressum
384 2464 467 2486 esse.
