1745 2813
765 108 1022 147 ..21-

217 227 297 253 esse
336 217 639 256 constructionem
677 218 786 263 atque
825 217 863 253 in
894 217 1077 262 proximis.
1130 218 1255 264 Neque
1290 229 1376 254 vero
1408 218 1454 253 ob
1488 229 1568 253 eam

216 293 362 319 causam
389 281 532 320 delendi
560 282 645 316 sunt
670 291 797 317 versus
827 277 958 327 107l83
991 292 1135 326 necesse
1163 282 1260 316 enim
1286 284 1352 328 est,
1382 293 1464 317 cum
1491 284 1567 317 tres

216 347 325 382 antea
361 344 577 381 nominatim
615 344 817 380 enumerati
854 343 928 379 sint
965 343 1147 388 imbelles,
1187 344 1231 379 de
1269 345 1386 381 tribus
1426 356 1567 391 quoque

216 409 418 445 accuratius
452 409 589 454 exponi.
640 407 784 454 Optime
817 408 931 454 igitur
964 420 1046 443 cum
1078 408 1200 443 Riesio
1234 409 1455 444 collocamur
1484 411 1567 454 post

214 484 247 507 v.
269 473 355 508 110.
401 471 521 516 Atque
544 461 631 507 *cum
658 471 769 507 etiam
795 471 918 516 priora
945 470 989 506 de
1012 471 1227 506 Telemacho
1255 472 1368 506 verba
1393 472 1460 507 hoc
1487 473 1565 507 loco

214 535 405 572 inserenda
426 546 503 571 esse
527 534 859 580 demonstraverim,
881 534 935 570 ita
950 523 1131 570 versuum*
1144 535 1274 571 seriem
1290 535 1424 571 mutari
1446 535 1566 580 velim,

216 601 259 634 ut
281 600 348 635 hoc
371 599 494 634 ordine
511 610 648 644 versus,
671 599 715 635 de
731 599 862 644 quibus
880 598 964 643 dixi,
988 609 1065 633 sese
1083 599 1278 644 excipiant:
1306 600 1474 642 87-98,
1490 600 1564 634 103

218 665 357 709 -106,
377 665 463 709 109,
484 665 570 709 110,
590 664 677 709 107,
697 664 783 709 108,
803 663 999 708 99-102,
1019 663 1239 698 111-116,

237 767 243 774 ,
301 727 378 763 *Ita
405 727 448 762 de
477 727 691 762 Telemacho
724 729 767 762 ut
800 727 843 762 de
872 726 1032 762 omnium
1060 725 1245 761 carissimo
1273 726 1311 760 in
1338 725 1457 761 media
1484 737 1564 761 ora-

212 791 310 827 tione
338 790 472 826 dicitur
498 790 615 826 tribus
644 789 823 834 distichis,
857 789 901 825 de
935 789 1064 825 ceteris
1092 791 1131 824 et
1158 789 1314 833 duobus,
1342 800 1433 834 quae
1460 801 1562 835 prae-

212 854 358 899 cedunt,
397 856 434 890 et
467 854 604 889 duobus
637 865 728 899 quae
762 855 973 899 sequuntur,
1031 853 1173 888 Inserta
1206 855 1328 888 autem
1361 856 1446 889 sunt
1480 857 1564 898 post

211 930 245 953 v.
265 918 314 954 98
343 918 453 953 verba
481 913 589 953 ‘Hinc
609 917 749 953 faciunt
766 946 773 953 .
792 946 799 953 .
819 946 826 953 .
844 913 980 963 harae',
1008 929 1099 963 quae
1122 917 1313 963 quominus
1336 917 1561 962 parenthesis

211 982 427 1026 habeantur,
467 993 548 1017 cum
582 982 798 1017 sententiam
831 981 966 1017 addant
996 981 1170 1026 proximis
1203 981 1324 1018 verbis
1357 981 1560 1026 finitimam,

210 1045 301 1080 nihil
329 1045 452 1081 obesse
479 1047 578 1091 puto.

317 1172 402 1216 Sed,
435 1175 477 1208 ut
512 1173 700 1209 redeamus
728 1172 775 1208 ad
801 1173 1022 1218 propositam
1050 1184 1142 1217 rem,
1173 1173 1272 1208 illius
1300 1174 1442 1219 generis
1470 1174 1558 1209 haec

211 1236 287 1271 fere
316 1235 563 1272 additamenta
590 1248 666 1272 esse
694 1248 831 1273 censeo.
863 1256 908 1261 —
939 1236 1102 1272 Primum
1129 1236 1274 1282 quidem
1301 1237 1410 1272 affero
1433 1233 1557 1273 locum

209 1299 277 1344 III,
297 1302 344 1336 17
351 1302 469 1346 -20,
497 1312 586 1346 quos
613 1312 739 1336 versus
766 1301 905 1346 primus
932 1301 1032 1336 Aron
1059 1300 1205 1345 quidam
1232 1301 1435 1346 Battaleus,
1463 1313 1557 1337 nunc

209 1362 382 1399 Lehrsius
410 1376 549 1410 quoque
577 1361 619 1412 (1.
638 1376 666 1401 c.
684 1377 717 1410 p.
736 1359 805 1412 53)
834 1364 949 1400 eiecit.
999 1363 1042 1413 In
1065 1364 1116 1399 eis
1139 1364 1318 1410 duplicem
1339 1364 1557 1410 deprehendi

207 1427 524 1472 interpolationem
545 1439 757 1472 persuasum
782 1428 908 1472 habeo,
936 1428 1090 1463 alteram
1109 1428 1359 1472 recentiorem,
1387 1440 1478 1472 quae
1501 1440 1555 1463 re-

207 1491 310 1535 petat
341 1491 556 1536 antiquioris
591 1491 817 1527 sententiam.
861 1491 920 1525 An
941 1502 974 1526 v.
996 1487 1110 1537 19l20
1144 1490 1243 1525 aliud
1269 1490 1326 1536 fit,
1359 1490 1430 1526 nisi
1457 1502 1556 1536 repe—

206 1555 334 1589 tuntur
355 1565 398 1589 ac
419 1554 541 1599 paullo
562 1554 678 1590 fusius
706 1554 930 1600 explicantur
957 1555 1068 1590 verba
1095 1550 1208 1589 ‘volui
1236 1554 1382 1600 reverti,
1409 1554 1472 1590 sed
1498 1567 1556 1591 me

206 1617 268 1663 qui
296 1617 487 1663 prenderet
513 1618 627 1654 hostis
656 1613 774 1654 erat'?
829 1617 980 1654 Accedit
1012 1618 1108 1663 quod
1134 1618 1199 1654 illa
1228 1629 1295 1654 vox
1323 1614 1485 1663 ‘caperer
1510 1629 1555 1654 ne

205 1684 332 1717 nocte
355 1678 552 1727 timebam,'
576 1694 786 1728 quocunque
808 1681 914 1717 modo
936 1684 1079 1718 tentata
1101 1684 1167 1727 est,
1188 1694 1414 1728 nequaquam
1431 1694 1555 1718 sanam

205 1746 356 1790 praebet
388 1746 616 1781 sententiam.
669 1746 795 1791 Neque
834 1746 1040 1782 coniectura
1072 1742 1194 1781 ‘forte'
1227 1746 1411 1781 medelam
1438 1739 1553 1782 affert.

205 1809 325 1853 Atque
364 1808 508 1844 omnino
547 1819 663 1843 sermo
697 1808 937 1854 inelegantior
969 1810 1077 1853 atque
1111 1808 1234 1843 durior
1266 1810 1338 1853 est,
1376 1821 1485 1853 quam
1512 1812 1554 1844 ut

204 1872 263 1908 vel
296 1872 346 1918 ei,
380 1872 442 1918 qui
470 1872 671 1918 composuit
698 1884 731 1908 v.
758 1869 886 1919 17s18,
920 1872 1097 1919 assignari
1133 1872 1258 1917 possit.
1309 1871 1379 1908 Sed
1413 1873 1450 1908 hi
1483 1873 1553 1919 ipsi

205 1947 328 1971 versus
355 1936 475 1971 varios
503 1938 650 1971 movent
677 1937 872 1980 scrupulos.
921 1936 1000 1971 Vox
1028 1937 1123 1970 enim
1152 1933 1295 1972 ‘hostis’
1317 1937 1416 1971 nullo
1444 1940 1550 1981 pacto

177 2026 183 2031 .
203 1999 311 2035 aliter
336 1999 407 2035 nisi
435 1999 478 2035 de
507 1999 672 2035 Troianis
699 1999 862 2047 intellegi
889 2001 1019 2045 potest,
1047 2011 1117 2045 quo
1145 1999 1290 2046 quidem
1316 2000 1414 2036 facto
1433 1995 1550 2047 ’quam

203 2065 359 2100 absurda
385 2064 516 2100 evadat
543 2064 722 2100 sententia
747 2064 860 2100 vides.
901 2064 1026 2109 Neque
1048 2064 1167 2100 minus
1190 2065 1393 2100 offensionis
1416 2066 1551 2101 habent

203 2139 328 2163 versus
355 2128 409 2162 illi
437 2127 528 2173 ideo,
556 2127 651 2172 quod
678 2127 936 2174 digressionem
963 2138 986 2162 a
1012 2129 1090 2162 toto
1116 2128 1194 2163 loco
1216 2128 1371 2163 alienam
1393 2128 1444 2163 eis
1467 2140 1547 2164 con-

201 2191 309 2226 tineri
337 2191 451 2227 omnis
479 2203 605 2226 rerum
627 2191 890 2236 verborumque
917 2191 1138 2227 continuatio
1166 2192 1279 2227 docet.
1329 2191 1422 2227 Nam
1445 2205 1477 2228 v.
1497 2195 1544 2228 21

202 2255 443 2291 adnectendus
470 2258 526 2291 est
553 2256 599 2290 ad
626 2267 659 2291 v.
679 2257 820 2292 7-16,

308 2319 480 2355 Eiusdem
507 2319 683 2364 epistulae
709 2330 836 2354 versus
864 2316 979 2367 87l88
1006 2330 1079 2354 non
1106 2319 1211 2355 modo
1232 2319 1422 2354 molestam
1444 2332 1547 2365 prae-

201 2382 288 2419 bent
325 2382 508 2429 proximae
546 2382 774 2429 cogitationis
812 2382 1080 2429 repetitionem,
1120 2383 1183 2419 sed
1215 2383 1295 2419 aliis
1329 2395 1470 2431 quoque
1504 2385 1547 2421 de

200 2447 318 2483 causis
345 2447 482 2493 optimo
508 2447 587 2483 iure
614 2459 637 2483 a
662 2447 814 2484 Lehrsio
842 2442 882 2495 (1.
898 2458 927 2483 c.
944 2459 978 2493 p.
997 2443 1066 2496 53)
1093 2447 1268 2484 delentur.
