1745 2813
792 109 1046 147 ..23-

244 206 362 263 eausa,
389 229 453 254 eur
479 217 615 264 aliquid
643 217 727 252 addi
753 227 858 262 posse
887 219 1032 262 putaret
1059 217 1317 263 grammaticus
1338 218 1483 263 quidam
1513 217 1590 253 sive

243 282 356 318 lector
382 282 592 329 quicunque.

347 346 413 392 Ep.
441 346 505 391 VI,
533 357 566 381 v.
597 346 753 381 31—38
787 356 810 379 a
844 345 1019 389 Merkelo,
1053 345 1220 380 Palmero
1253 346 1334 381 aliis
1366 346 1586 381 circumseri-

241 411 387 456 buntur,
415 421 497 444 eum
524 408 666 444 Riesius
694 420 755 444 eos
783 409 905 444 delere
933 409 1086 445 dubitet.
1112 428 1157 433 —
1192 409 1229 445 Si
1257 421 1435 456 versuum,
1463 410 1525 456 qui
1552 410 1589 445 in

242 475 426 510 Puteaneo
449 473 543 508 libro
566 473 706 518 desunt,
729 484 921 508 numerum
943 472 1281 518 computaverimus,
1308 473 1360 508 ibi
1382 485 1443 509 eos
1464 486 1589 509 versus

242 538 329 574 olim
356 538 468 572 lectos
496 548 579 572 esse
602 537 866 583 intellegemus.
898 556 943 560 —
977 536 1046 578 Qui
1073 548 1155 572 eum
1182 538 1382 573 retractent
1409 549 1467 583 ea,
1499 549 1589 583 quae

240 602 312 638 iam
329 613 362 636 V.
388 602 518 636 9—14
542 601 639 636 dieta
661 603 754 646 sunt,
776 602 905 646 postea
926 600 1130 645 interpositi
1152 611 1230 636 esse
1253 600 1422 636 videntur
1443 603 1590 646 propter

239 666 351 702 verba
395 661 551 711 ‘singula
594 665 680 700 dum
723 661 862 701 narrat'
903 660 1006 712 (39),
1057 675 1148 709 quae
1185 665 1347 700 fortasse
1389 665 1589 710 longiorem

239 740 384 774 poscere
412 728 630 764 videbantur
657 728 926 774 expositionem.
971 727 1167 762 Praeterea
1194 727 1384 763 haeremus
1412 728 1449 763 in
1477 740 1587 764 enun-

240 794 332 830 tiato
362 789 417 829 ‘ut
444 793 552 829 rediit
578 789 745 840 animus’,
772 804 853 829 eum
881 794 988 828 antea
1015 803 1087 828 non
1116 792 1165 828 sit
1197 791 1330 828 dietum
1359 792 1589 838 Hypsipylen

240 859 359 895 animo
390 870 467 894 esse
495 858 668 894 relictam.
725 857 947 902 Ubicumque
976 856 1072 892 enim
1098 856 1196 892 Naso
1226 857 1270 892 de
1300 848 1434 892 femina
1467 857 1589 903 aliqua

240 923 357 958 simile
385 922 521 968 aliquid
549 922 660 957 habet
688 917 805 969 (velut
828 932 881 966 ep.
905 920 1008 967 XIII,
1032 921 1080 955 29
1112 923 1148 955 et
1179 922 1245 966 233
1273 932 1305 956 a.
1334 933 1365 956 a.
1394 921 1461 966 ΙΙΙ,
1492 923 1587 966 707,

237 987 276 1022 F.
306 986 372 1032 III,
401 988 493 1032 3333
522 986 566 1032 V,
595 981 701 1034 515),
729 997 912 1032 nunquam
940 985 1062 1021 omisit
1089 987 1197 1021 antea
1223 997 1372 1021 narrare
1401 997 1482 1021 eam
1508 986 1584 1031 pal-

238 1050 347 1085 luisse
376 1053 413 1085 et
439 1050 714 1085 intermortuam
742 1060 830 1084 esse.
1258 1053 1263 1058 '

344 1115 465 1161 Atque
500 1113 610 1149 etiam
643 1113 776 1149 iterata
811 1113 854 1148 de
887 1113 1031 1149 Jasonis
1066 1114 1142 1150 vita
1176 1113 1338 1160 quaestio
1379 1114 1585 1159 scrupulum

237 1181 369 1223 movet,
398 1180 435 1212 et
457 1177 553 1223 quod
579 1179 688 1222 poeta
716 1179 823 1212 antea
850 1177 952 1211 illum
979 1177 1100 1212 vivere
1128 1179 1221 1212 teste
1249 1178 1315 1212 deo
1344 1178 1585 1213 affirmantem

236 1241 427 1277 induxerat
460 1241 639 1286 hospitem
674 1242 711 1276 et
741 1240 839 1287 *quod
867 1240 909 1274 vin
942 1240 1113 1285 proximis
1146 1240 1309 1276 versibus
1347 1241 1440 1276 hane
1477 1241 1584 1286 plane

238 1306 375 1342 omittit
401 1305 729 1351 interrogationem.
781 1296 989 1340 Sermonem
1017 1316 1114 1351 vero,
1142 1305 1211 1341 etsi
1238 1316 1311 1340 non
1338 1305 1509 1341 abhorret
1536 1306 1582 1341 ab

199 1398 204 1405 .
237 1369 412 1405 Ovidiano
430 1370 569 1406 dicendi
591 1381 669 1415 usu,
693 1371 854 1404 attamen
876 1360 973 1405 certe
996 1370 1111 1405 multo
1135 1370 1318 1405 exiliorem
1342 1372 1379 1404 et
1401 1370 1584 1416 aliquanto

235 1434 352 1469 minus
395 1436 562 1469 ornatum
602 1444 706 1476 esse.
719 1435 870 1478 apparet
912 1445 1019 1479 quam
1057 1434 1179 1478 priora
1218 1433 1282 1468 illa
1319 1434 1430 1469 verba
1468 1429 1585 1482 (velut

236 1497 279 1532 ef.
303 1509 336 1533 v.
364 1499 413 1533 10
436 1499 472 1533 et
495 1499 558 1543 32,
584 1499 629 1532 11
657 1499 694 1532 et
717 1498 779 1543 33,
806 1499 852 1533 13
878 1509 929 1543 sq.
953 1499 990 1533 et
1014 1493 1092 1546 37).
1142 1498 1262 1544 Atque
1290 1497 1380 1532 illud
1409 1494 1585 1533 ‘devictus

237 1558 397 1606 serpens'
412 1573 434 1597 a
444 1560 557 1596 totius
575 1560 645 1596 loci
661 1560 1101 1596 constructione‘alienum
1119 1564 1175 1596 est
1190 1571 1305 1606 neque
1322 1563 1447 1596 tamen
1463 1572 1582 1596 emen-

235 1626 373 1661 dationi
400 1626 467 1661 ulli
489 1636 567 1661 sese
591 1625 706 1660 offert.
735 1624 958 1661 Coniecturis
980 1637 1052 1660 non
1070 1617 1129 1661 est
1142 1625 1336 1661 tentandus
1353 1625 1463 1661 loeus.
1490 1625 1584 1660 Nam

224 1690 266 1728 ,si
293 1690 495 1735 legeremus
524 1685 718 1724 ‘devictum
748 1686 975 1734 serpentem',
1004 1689 1176 1734 languida
1204 1691 1301 1724 esset
1324 1688 1440 1723 oratio
1463 1691 1501 1724 et
1523 1689 1582 1724 de-

234 1753 454 1789 sideraretur
491 1752 635 1798 copula,
676 1752 731 1787 sin
759 1749 919 1788 ‘devicto
954 1749 1146 1798 serpente',
1186 1752 1360 1798 temporis
1394 1752 1481 1787 ordo
1509 1763 1581 1788 non

234 1819 450 1854 servaretur.
505 1818 630 1853 Nonne
652 1815 776 1863 'paene
809 1816 1010 1867 putandum
1043 1819 1099 1852 est
1126 1816 1206 1851 ideo
1234 1819 1310 1851 tam
1337 1816 1491 1862 abrupte
1519 1829 1581 1863 po-

234 1882 348 1917 situm
366 1881 457 1916 illud
480 1893 568 1927 esse,
597 1881 691 1927 quod
714 1881 853 1916 taeduit
874 1880 1168 1926 interpolatorem
1198 1879 1318 1916 omnia
1344 1880 1477 1915 iterum
1505 1881 1580 1916 lon-
1629 1882 1638 1892 ²

232 1946 314 1992 gius
337 1945 538 1990 exponere?
569 1945 732 1991 Denique
755 1945 842 1991 quin
863 1945 1018 1990 perbene
1042 1945 1143 1991 sequi
1159 1945 1300 1990 possint
1315 1954 1442 1980 versus
1460 1946 1510 1981 39
1529 1956 1581 1991 sq.

233 2021 377 2045 versum
401 2011 462 2055 30,
483 2020 556 2044 non
577 2008 714 2044 dubito.
748 2009 876 2054 Itaque
900 2008 1088 2043 deleantur
1110 2021 1142 2044 v.
1168 2010 1323 2044 31—38
1346 2020 1491 2044 neeesse
1514 2012 1582 2045 est.

339 2072 441 2109 Idem
463 2072 694 2108 statuendum
716 2083 794 2108 esse
817 2073 940 2117 censet
961 2071 1134 2107 Lehrsius
1162 2069 1204 2120 (L
1226 2083 1254 2108 e.
1277 2084 1311 2117 p.
1336 2067 1403 2120 66)
1433 2060 1476 2107 de
1499 2084 1580 2107 ver-

233 2137 331 2173 sibus
354 2137 416 2182 IX,
440 2137 635 2172 83—102.
680 2135 785 2171 Certe
813 2147 885 2171 non
913 2136 1029 2171 solum
1058 2136 1188 2182 omnia,
1216 2147 1307 2182 quae
1334 2136 1401 2171 hoc
1428 2136 1505 2171 loeo
1533 2136 1579 2171 ab

231 2201 387 2237 Hercule
426 2200 567 2236 narrari
605 2199 806 2246 finguntur,
844 2199 917 2235 iam
956 2202 1237 2236 commemorata
1274 2203 1378 2235 erant
1416 2211 1438 2234 a
1472 2199 1579 2235 Deia-

231 2264 310 2299 nira
338 2260 401 2312 (ef.
430 2265 477 2300 67
508 2265 546 2299 et
574 2264 636 2309 90,
665 2264 713 2298 37
744 2264 780 2298 et
809 2264 870 2308 92,
900 2264 948 2297 22
979 2265 1016 2298 et
1045 2264 1093 2298 86
1123 2257 1219 2311 ete.),
1247 2263 1309 2298 sed
1337 2262 1445 2298 etiam
1475 2275 1578 2309 prae-

231 2329 329 2364 clara
374 2328 539 2364 Herculis
584 2328 681 2363 faeta
725 2326 944 2373 indignaque
987 2327 1050 2362 illa
1089 2327 1165 2362 eius
1210 2326 1367 2363 condicio
1412 2330 1455 2363 ut
1498 2340 1580 2364 eum

231 2392 386 2428 ludibrio
415 2392 484 2427 sibi
517 2393 758 2437 opponantur,
791 2402 906 2436 neque
937 2381 1108 2436 languida
1142 2402 1230 2436 opus
1264 2392 1320 2426 est
1352 2391 1578 2437 repetitione,

232 2457 268 2491 et
313 2455 401 2491 satis
442 2444 620 2503 superque
659 2454 819 2509 efficiunt
858 2455 968 2491 ceteri
1005 2466 1131 2491 versus
1171 2449 1238 2504 (57
1279 2450 1360 2503 sq.).
1430 2455 1577 2492 Accedit
