1745 2813
730 109 991 146 -69-

168 219 303 265 -magis
344 218 455 254 etiam
492 217 640 254 fuerunt
671 218 711 253 hi
745 230 881 255 versus.
942 218 1060 261 Quare
1094 230 1154 254 eos
1187 218 1300 263 paulo
1339 219 1533 263 antequam

189 284 278 320 editi
310 285 394 318 sunt
427 282 600 317 conflatos
635 293 713 317 esse
746 282 842 318 credi
874 294 946 318 non
977 281 1107 328 pote'st.
1161 283 1281 328 Atque
1316 282 1404 317 adeo
1439 282 1533 317 tales

188 347 434 384 intercurrunt
461 345 702 392 corruptelae,
736 357 827 392 quae
854 358 920 392 per
953 347 1085 382 saeculi
1112 346 1219 382 unius
1257 345 1416 392 spatium
1444 357 1532 392 pau-

187 412 292 448 latim
326 410 445 446 enasci
477 409 639 455 potuisse
672 421 745 445 non
779 409 979 446 videantur.
1038 411 1132 446 Nam
1165 423 1247 446 cum
1279 423 1350 446 uno
1389 413 1531 447 tantum

186 477 280 513 libro
308 485 435 511 versus
468 473 674 519 pervenisse
708 474 899 510 videantur
931 474 978 510 ad
1011 486 1099 510 saec.
1129 475 1206 520 XV,
1239 474 1421 510 rarissime
1455 475 1531 510 sine

186 540 294 576 dubio
327 539 427 585 libri,
460 539 498 573 in
533 550 602 584 quo
637 538 803 585 aderant,
837 538 1002 585 deinceps
1035 540 1225 585 perscripti
1260 541 1354 576 sunt.
1403 540 1530 586 Itaque

186 605 274 640 haec
307 614 449 648 quoque
482 614 653 638 versuum
680 602 762 638 CIV
796 603 954 638 condicio
988 614 1049 638 eos
1082 614 1154 638 non
1180 604 1226 639 ab
1254 603 1357 639 Italis
1386 604 1531 639 demum

186 668 366 705 confectos
394 677 473 701 esse
500 665 630 702 testari
657 665 745 701 mihi
773 665 927 702 videtur.

292 730 441 767 Accedit
473 730 568 776 quod
600 741 777 777 nusquam
804 742 870 767 nec
897 733 1053 766 metrum
1086 742 1150 767 nec
1182 731 1290 767 dictio
1324 733 1388 766 aut
1420 731 1528 767 inele-

186 808 277 844 gans
306 797 362 831 est
390 797 453 831 aut
481 795 526 830 ab
556 793 676 830 Ovidii
703 792 780 830 arte
810 795 1007 830 abhorrens
1035 795 1164 840 laedit,
1193 795 1288 841 quod
1315 795 1458 841 quidem
1485 808 1530 831 ne

190 862 223 898 ei
251 860 396 908 quidem
423 861 656 906 negaverunt,
686 859 748 906 qui
775 860 840 895 hos
869 871 994 896 versus
1023 859 1135 895 deleri
1162 855 1414 909 maluerunt1).
1464 860 1531 896 De-

185 925 268 962 inde
301 926 342 960 ut
375 924 513 959 leviora
546 924 728 969 omittam,
762 935 827 969 per
860 924 941 959 illos
971 923 1053 959 CIV
1080 935 1187 960 verus
1216 923 1339 960 eadem
1367 923 1532 960 Ovidiani

187 989 361 1026 sermonis
394 987 675 1034 deprehenditur
707 987 862 1023 imitatio
896 990 1004 1034 atque
1037 988 1074 1023 in
1105 988 1247 1023 relicuis
1276 987 1532 1024 Ovidianorum

185 1052 361 1099 epistulis.
407 1048 461 1088 C'f.
489 1051 566 1097 XV,
595 1053 645 1087 45
676 1053 713 1087 et
740 1052 826 1088 Met.
854 1052 955 1097 XIII,
985 1053 1077 1097 2163
1107 1052 1145 1088 F.
1174 1052 1241 1097 III,
1267 1053 1327 1088 27.
1346 1071 1395 1077 —
1416 1054 1465 1088 47
1496 1055 1533 1088 et

183 1119 269 1154 Met.
297 1117 350 1163 ΙΙ,
379 1118 467 1152 274.
499 1116 628 1152 —·5o
663 1117 699 1151 et
735 1127 764 1151 e.
793 1116 832 1152 P.
861 1116 935 1163 III,
969 1118 1008 1162 2,
1046 1118 1132 1153 104.
1160 1135 1211 1140 -
1241 1117 1290 1152 53
1322 1127 1372 1163 sq.
1406 1118 1445 1152 et
1477 1129 1531 1163 ep.

184 1182 265 1228 XII,
296 1183 355 1217 67.
389 1201 433 1205 -
467 1182 516 1217 56
547 1184 584 1217 et
612 1181 698 1217 Met.
726 1181 774 1226 II,
806 1183 891 1217 792.
920 1200 972 1205 —
1001 1182 1051 1217 58
1081 1183 1118 1216 et
1146 1181 1185 1215 F.
1213 1181 1279 1225 ΙΙΙ,
1310 1183 1370 1218 26.
1402 1201 1446 1206 -
1481 1184 1527 1217 61

184 1249 222 1282 et
255 1247 341 1283 Met.
370 1245 433 1290 IV,
464 1247 551 1281 723.
581 1265 629 1269 —-
662 1247 710 1281 63
741 1247 778 1281 et
811 1245 850 1280 F.
880 1245 942 1290 VI,
974 1248 1006 1281 7.
1037 1264 1085 1270 —
1117 1247 1165 1281 62
1197 1248 1234 1281 et
1261 1245 1346 1281 Met.
1375 1246 1422 1292 ΙΙ,
1455 1248 1529 1282 742

185 1322 236 1359 sq.
265 1330 315 1334 —
342 1311 390 1346 74
420 1311 458 1344 et
485 1321 516 1346 a.
545 1321 576 1344 a.
605 1309 633 1354 Ι,
666 1311 757 1354 109,
786 1309 825 1344 F.
853 1309 919 1354 ΠΙ,
949 1311 1036 1345 378.
1066 1329 1110 1333 —
1140 1311 1213 1345 102
1244 1311 1280 1344 et
1308 1310 1347 1345 F.
1377 1310 1405 1355 Ι,
1435 1312 1529 1355 422,

183 1385 269 1409 rem.
298 1385 368 1410 am.
398 1375 485 1410 500.
507 1363 551 1397 ’-
575 1374 648 1408 121
681 1374 717 1408 et
745 1384 813 1409 am.
836 1373 865 1418 Ι,
896 1375 929 1419 7,
960 1375 1021 1409 39.
1043 1393 1087 1397 —
1112 1374 1185 1408 126
1216 1375 1252 1408 et
1281 1385 1348 1409 am.
1377 1374 1405 1419 1,
1431 1376 1464 1419 2,
1489 1376 1529 1419 83

183 1438 248 1483 III,
281 1440 313 1483 1,
344 1439 409 1483 203
448 1450 478 1474 a.
508 1449 538 1473 a.
567 1438 595 1483 Ι,
625 1439 664 1483 9,
698 1438 738 1474 F.
766 1437 829 1483 IV,
858 1439 894 1474 4.
926 1457 970 1462 —
1006 1439 1078 1474 127
1110 1439 1147 1474 et
1175 1448 1242 1474 am.
1272 1438 1340 1483 ΠΙ,
1371 1441 1431 1484 11,
1460 1440 1530 1483 513

183 1502 242 1537 Tr.
271 1502 300 1547 Ι,
325 1504 359 1547 2,
385 1504 445 1538 73.
473 1520 515 1525 —
546 1503 618 1537 135
650 1503 688 1536 et
715 1502 801 1538 Met.
828 1501 891 1546 IV,
917 1503 1004 1537 506.
1035 1521 1084 1526 —
1117 1503 1189 1536 141
1221 1503 1259 1536 et
1286 1513 1355 1537 am.
1378 1502 1443 1547 ΠΙ,
1470 1505 1530 1549 12,

184 1567 223 1612 9;
251 1578 282 1600 a.
312 1578 343 1602 a.
371 1565 437 1611 ΙΙΙ,
468 1566 555 1602 535.
582 1584 626 1590 -
656 1567 729 1601 143
760 1568 797 1602 et
826 1565 887 1601 Tr.
915 1565 958 1612 V,
989 1567 1023 1611 8,
1054 1566 1118 1611 253
1149 1577 1177 1602 e.
1206 1565 1246 1602 P.
1275 1565 1342 1610 ΙΙΙ,
1373 1569 1406 1611 1,
1438 1568 1529 1613 127;

182 1630 211 1674 I,
240 1631 275 1674 4,
305 1631 365 1664 29.
390 1648 438 1653 -
465 1631 540 1664 144
570 1632 607 1664 et
634 1641 702 1664 am.
731 1630 760 1673 I,
792 1631 851 1674 15,
881 1631 950 1674 203
978 1630 1044 1674 111,
1076 1633 1108 1674 1,
1140 1631 1207 1674 293
1236 1641 1266 1664 a.
1296 1641 1328 1665 a.
1357 1631 1385 1675 Ι,
1416 1632 1476 1666 73.

292 1693 413 1740 Atque
452 1693 541 1728 adeo
583 1692 702 1729 Ovidii
741 1704 839 1728 more
879 1693 1091 1729 insolentius
1132 1693 1267 1729 dictum
1307 1695 1364 1728 est
1395 1705 1428 1730 v.
1465 1696 1529 1729 71:

183 1753 312 1801 ‘neve',
352 1757 564 1792 incuriosius
603 1770 635 1792 v.
672 1759 739 1792 57:
786 1755 1018 1793 ‘Dardaniae'
1052 1759 1096 1794 cf.
1131 1758 1196 1794 Ov.
1226 1759 1284 1794 Tr.
1314 1759 1342 1803 Ι,
1374 1761 1432 1803 10,
1463 1761 1529 1804 253

182 1819 220 1855 in
248 1820 486 1856 coustruendo
514 1831 622 1856 versu
653 1822 713 1866 78,
741 1821 799 1856 cui
827 1820 953 1856 similis
983 1823 1039 1856 est
1067 1821 1143 1866 XV,
1173 1823 1267 1867 278,
1296 1824 1378 1856 ante
1408 1823 1528 1856 oculos

181 1887 327 1920 versata
354 1887 410 1920 est
436 1886 639 1931 proprietas
668 1885 789 1932 aliqua
817 1884 992 1922 ovidiana
1020 1886 1064 1922 cf.
1093 1886 1179 1922 Met.
1203 1886 1230 1930 Ι,
1257 1887 1347 1932 162;
1377 1885 1438 1932 Vr,
1463 1887 1528 1932 233

184 1948 282 1984 Fast.
311 1949 355 1994 V,
383 1951 478 1994 419,
507 1949 664 1996 itemque
692 1950 730 1985 in
757 1962 789 1986 v.
822 1951 896 1985 138
926 1950 969 1986 cf.
999 1962 1053 1995 ep.
1081 1951 1123 1995 X,
1156 1952 1241 1986 112.

120 2063 124 2066 st
291 2014 334 2048 In
361 2014 568 2050 universum
596 2026 667 2050 non
695 2014 812 2050 minus
841 2015 960 2050 ornati
988 2017 1072 2050 sunt
1100 2026 1224 2050 versus
1252 2016 1359 2060 atque
1382 2014 1529 2059 expoliti

181 2089 289 2124 quam
311 2078 348 2112 in
371 2090 424 2122 ep.
449 2078 516 2112 XV
539 2081 575 2114 et
600 2079 697 2124 XVI,
725 2079 762 2113 et
789 2079 886 2113 haud
913 2079 1018 2124 pauci
1045 2079 1115 2113 loci
1142 2080 1276 2122 extant,
1305 2078 1366 2112 ubi
1394 2078 1527 2113 locutio

181 2142 238 2176 vel
266 2141 464 2188 exquisitae
492 2143 676 2179 cuiusdam
705 2142 752 2179 sit
780 2142 981 2189 elegantiae
1011 2142 1054 2178 cf.
1085 2143 1170 2186 122,
1203 2143 1275 2177 132
1306 2142 1350 2177 al.
1379 2137 1451 2189 1²).

269 2258 299 2296 1)
323 2255 363 2287 cf.
382 2255 588 2295 Lachmann,
606 2255 674 2287 ind.
693 2255 771 2288 lect.
788 2255 897 2288 Berol.
916 2257 998 2287 aest.
1018 2258 1110 2296 1848,
1129 2254 1291 2296 (kleinere
1311 2254 1480 2287 Schriften
1500 2266 1525 2287 z.

181 2309 284 2342 klass.
295 2308 383 2342 Phil
395 2320 428 2351 p.
443 2311 511 2350 58);
524 2309 750 2352 Eschenbury,
761 2309 943 2342 metrische
953 2309 1254 2350 Untersuchungen
1265 2308 1348 2341 iiber
1358 2308 1412 2340 die
1424 2308 1528 2341 Echt-

180 2363 253 2395 heit
265 2362 325 2395 der
341 2362 505 2396 Heroides
524 2363 582 2395 des
595 2362 690 2396 Ovid.
702 2362 819 2405 Progr.
832 2363 915 2396 Lfib.
931 2365 1021 2395 1874.
1046 2362 1244 2404 Sedlmayer,
1259 2363 1437 2395 comment.
1452 2363 1526 2396 crit.

268 2417 301 2458 2)
325 2416 525 2449 Statuerunt
540 2417 605 2450 hoc
622 2416 767 2451 editores
781 2415 906 2458 (Loers.
920 2416 951 2448 N
953 2425 1065 2459 auger
1078 2417 1238 2460 Lcnnep.)
1255 2417 1290 2449 et
1302 2416 1444 2449 Werfer.
1462 2417 1484 2449 1.
1499 2427 1527 2449 c.

161 2481 212 2514 .p.
237 2474 315 2511 509,
339 2470 379 2503 cf.
403 2481 436 2514 p.
461 2473 532 2505 511.
