1745 2813
806 137 1136 179 —18-.

255 245 341 280 cedo
365 257 621 292 nonnunquam
643 247 942 292 interpolationes
959 247 1049 283 adeo
1066 259 1146 283 cum
1162 247 1328 294 genuinis
1344 250 1473 293 poetae
1490 249 1612 285 verbis

254 312 526 355 coagmentatas
545 322 634 357 esse,
653 313 695 346 ut
713 311 850 346 secerni
866 312 940 346 iam
957 313 1137 357 nequeant
1146 308 1186 359 ¹).
1213 311 1341 357 Itaque
1358 314 1455 346 certe
1473 323 1613 348 summa

254 385 335 409 cum
362 374 528 410 cautione
556 375 644 410 haec
672 386 730 410 res
758 377 815 411 est
843 376 1077 421 suscipienda.
1278 366 1281 368 μ

361 438 525 474 Primum
563 439 843 485 haudquaquam
884 439 974 475 satis
1013 439 1217 475 habendum
1256 441 1312 475 est
1345 439 1611 476 demonstrasse

253 504 320 539 hoc
348 505 407 539 vel
434 504 524 539 illud
553 504 732 540 distichon
761 503 791 539 si
820 504 1003 539 sublatum
1029 504 1150 552 fuerit,
1177 504 1269 540 nihil
1295 504 1489 551 quidquam
1517 504 1609 540 desi-

256 567 384 613 derari,
413 579 529 613 neque
552 568 641 602 haec
664 567 875 613 suspicionis
898 567 994 603 iusta
1016 578 1125 603 causa
1147 570 1214 614 est,
1243 568 1270 603 si
1294 569 1356 614 qui
1377 580 1503 605 versus
1526 571 1611 604 sunt

253 631 433 676 explicatu
461 631 636 678 difficiles,
664 632 797 667 nedum
826 632 857 667 si
884 632 1092 667 deformati:
1121 633 1214 667 tales
1245 632 1388 678 quidem
1416 644 1542 669 versus
1569 634 1612 668 ut

253 697 350 730 recte
384 696 465 731 eiici
497 698 640 741 pateat,
676 696 767 731 alias
801 707 928 731 causas
961 696 1128 731 accedere
1161 707 1306 731 necesse
1341 699 1406 732 est.
1444 716 1487 721 —
1526 696 1610 736 Cer-

255 760 395 795 tissime
424 760 706 805 deprehenditur
732 760 910 796 distichon
938 760 1083 806 aliquod
1111 760 1283 806 spurium,
1312 760 1342 796 si
1367 771 1408 796 eo
1430 760 1611 796 contraria

253 824 426 869 proximis
454 824 644 860 sententiis
672 824 794 859 afferri
816 826 947 870 patet,
961 825 1118 870 itemque
1143 824 1174 860 si
1196 824 1367 860 abhorret
1389 835 1411 859 a
1433 824 1610 872 totasive

253 888 421 923 carminis
451 889 526 925 sive
560 888 630 924 loci
658 888 854 934 sententia,
887 889 946 924 vel
974 889 1168 924 verborum
1195 888 1499 924 continuationem
1526 900 1608 934 pro-

252 953 355 988 hibet
378 953 579 998 disicitque,
609 953 666 987 vel
690 953 833 987 omnino
862 953 1101 999 cogitationis,
1132 953 1190 988 cui
1218 953 1372 999 additur,
1399 953 1473 989 vim
1501 955 1609 998 atque

254 1015 507 1051 efficacitatem
536 1018 712 1052 attenuat.
764 1016 990 1061 Quamquam
1023 1016 1192 1061 quoniam
1226 1017 1301 1051 sine
1335 1017 1443 1051 dubio
1477 1017 1610 1052 eruditi

252 1079 414 1115 homines
450 1082 488 1115 et
522 1080 657 1116 versati
690 1080 727 1115 in
759 1080 893 1115 litteris
926 1080 1089 1125 fuerunt,
1122 1080 1184 1126 qui
1212 1079 1406 1116 Ovidianas
1434 1080 1608 1126 epistulas

253 1146 412 1179 tractare
431 1147 674 1190 susceperant,
692 1145 785 1179 tales
802 1155 929 1180 versus
947 1144 1063 1178 rarius
1082 1144 1234 1179 inveniri
1249 1156 1462 1190 persuasum
1481 1145 1608 1180 habeo.

358 1208 497 1243 Deinde
541 1209 753 1253 plerumque
791 1208 846 1243 illi
885 1219 1026 1253 quoque
1065 1219 1191 1243 versus
1231 1208 1413 1244 subditicii
1451 1209 1606 1244 habendi

252 1274 347 1317 sunt,
386 1272 449 1317 qui
482 1274 653 1317 repetunt
686 1272 959 1318 cogitationem,
997 1283 1088 1317 quae
1123 1272 1211 1307 satis
1244 1272 1340 1307 clare
1374 1274 1411 1308 et
1444 1273 1608 1308 absolute

251 1347 420 1380 expressa
447 1338 504 1370 est
531 1336 703 1380 proximis
729 1336 861 1376 verbis,
891 1335 1049 1380 itemque
1073 1336 1106 1370 ei
1128 1336 1190 1380 qui
1212 1335 1346 1371 diutius
1369 1336 1406 1370 in
1429 1336 1608 1371 sententia

250 1399 371 1445 aliqua
399 1399 649 1444 amplificanda
677 1401 715 1435 et
742 1399 907 1445 augenda
934 1400 1222 1443 commorantur,
1250 1399 1314 1433 ubi
1341 1399 1474 1434 iustam
1501 1399 1606 1434 huius

250 1463 303 1496 rei
331 1474 475 1497 causam
504 1464 630 1498 abesse
658 1466 770 1507 patet.
814 1464 938 1508 Neque
968 1463 1061 1497 enim
1085 1463 1254 1508 languide
1283 1465 1320 1498 et
1348 1462 1520 1498 distracte
1549 1474 1605 1497 ar-

249 1528 422 1572 gumenta
451 1537 517 1562 sua
544 1538 721 1573 exponere
746 1527 932 1562 Nasonem
958 1525 1188 1573 cogitandum
1217 1527 1282 1562 est.
1326 1526 1447 1571 Atque
1462 1537 1604 1572 ,cogno-

251 1592 400 1625 scuntur
420 1591 513 1639 tales
535 1601 662 1626 versus
690 1590 885 1624 adulterini
908 1601 951 1624 ea
973 1601 1023 1634 re,
1046 1590 1141 1635 quod
1163 1590 1275 1625 verba
1296 1601 1388 1634 quae
1408 1592 1607 1635 sequuntur

249 1665 321 1688 non
343 1654 389 1688 ad
411 1654 574 1699 proxima
596 1653 846 1698 adnectuntur,
871 1653 933 1688 sed
955 1654 1001 1687 ad
1023 1653 1153 1698 priora.
1177 1672 1221 1677 ——
1242 1656 1375 1687 Verum
1392 1653 1481 1687 haec
1498 1664 1604 1698 argu-

249 1720 381 1763 menta,
405 1719 436 1753 si
459 1718 536 1753 fieri
553 1720 683 1763 potest,
707 1717 873 1763 augenda
890 1719 974 1752 sunt
990 1717 1234 1763 grammaticis
1258 1719 1295 1752 et
1316 1717 1475 1753 metricis
1494 1717 1604 1753 ratio-
1657 1760 1668 1766 N

248 1781 364 1816 nibus.
416 1781 488 1815 Sed
516 1792 597 1815 cum
626 1782 663 1815 et
691 1782 856 1815 accurate
887 1779 1021 1814 imitati
1048 1780 1120 1814 sint
1141 1780 1367 1825 grammatici
1390 1779 1605 1816 Ovidianum

249 1850 450 1880 sermonem
474 1846 511 1880 et
534 1844 571 1879 in
587 1844 652 1879 illa
668 1843 897 1890 potissimum
915 1843 1134 1889 quaestione,
1156 1854 1243 1878 num
1265 1842 1351 1888 quid
1367 1845 1451 1889 apte
1469 1844 1604 1880 dictum

248 1921 327 1945 esse
355 1910 538 1954 videatur,
571 1909 765 1954 diligenter
795 1907 993 1943 cavendum
1022 1907 1070 1942 sit
1096 1907 1215 1952 nobis,
1249 1920 1294 1943 ne
1321 1911 1446 1944 nostro
1473 1909 1603 1945 iudicio

247 1974 398 2009 nimium
425 1973 645 2017 tribuamus,
678 1983 750 2007 non
778 1971 944 2007 omnibus
972 1971 1060 2006 locis
1088 1970 1152 2006 illa
1178 1971 1308 2007 indicia
1335 1974 1480 2018 praesto
1509 1976 1601 2009 sunt.

356 2038 423 2072 His
445 2037 560 2083 igitur
582 2036 734 2082 legibus,
758 2047 847 2081 quas
869 2035 1003 2081 partim
1024 2035 1112 2071 duce
1129 2035 1388 2082 Heynemanno
1413 2032 1474 2086 (de
1491 2037 1602 2073 inter—

246 2103 318 2148 pol.
346 2102 383 2136 in
406 2112 514 2136 carm.
538 2101 666 2136 Horat.
689 2103 787 2135 certa
814 2100 952 2135 ratione
976 2099 1221 2145 diiudicandis,
1250 2100 1333 2137 diss.
1351 2101 1455 2136 Bonn
1481 2097 1601 2150 1870)

248 2165 376 2211 statui,
410 2164 509 2200 ducti
542 2175 604 2199 eos
639 2164 848 2210 colligemus
883 2174 1025 2210 versus,
1060 2163 1122 2209 qui
1154 2164 1213 2199 vel
1246 2164 1327 2199 aliis
1361 2166 1398 2199 et
1428 2164 1516 2198 mihi
1544 2165 1603 2200 vel

247 2230 315 2266 soli
342 2229 432 2264 mihi
460 2229 653 2264 adulterini
682 2229 866 2274 videntur,
901 2227 1067 2274 sepositis
1096 2230 1220 2263 tamen
1246 2228 1477 2274 quibusdam,
1511 2240 1601 2274 quos

334 2344 364 2382 1)
388 2342 493 2374 Velut
514 2341 571 2381 IV,
590 2341 661 2382 VII,
679 2341 767 2382 XIV,
783 2341 862 2373 XVI
883 2340 1047 2382 epistulas
1065 2339 1254 2373 accuratius
1271 2339 1460 2383 perlegens,
1483 2351 1600 2382 quam·

247 2405 348 2436 quam
372 2395 408 2426 in
432 2394 661 2436 compluribus
678 2394 773 2435 locis,
797 2404 873 2426 cum
889 2393 1016 2425 iustum
1035 2393 1204 2425 desideres
1221 2392 1371 2425 ordinem
1389 2394 1444 2426 vel
1460 2393 1600 2427 nimiam

246 2447 480 2490 deprehendas
502 2447 763 2488 abundantiam,
790 2446 961 2486 haerebis,
992 2447 1108 2479 tamen
1133 2446 1412 2487 interpolationes
1440 2447 1479 2478 ut
1508 2449 1601 2480 certa

245 2501 377 2535 ratione
400 2501 652 2539 discernantur,
676 2511 743 2534 non
767 2500 952 2542 continget.
