1745 2813
694 140 955 177 ,15-

146 245 318 284 lectiones
351 259 374 284 a
406 247 555 284 Loersio
583 248 706 285 eiusve
735 248 960 285 adiutoribus
987 261 1072 285 vere
1101 252 1137 286 et
1165 250 1302 286 sincere
1332 251 1500 286 enotatae

145 310 227 346 sint.
283 311 354 347 Sed
387 312 473 348 licet
504 313 573 347 hae
605 312 750 357 quidem
781 314 880 348 recte
913 303 963 347 se
985 313 1157 359 habeant,
1184 315 1243 349 vel
1275 326 1391 359 pauca
1423 315 1498 359 illa,

144 385 235 420 quae
263 375 308 410 de
335 375 465 411 horum
492 375 669 412 librorum
693 375 880 422 scripturis
902 378 990 412 nota
1012 378 1107 417 sunt,
1137 388 1198 412 eos
1221 379 1258 413 et
1280 376 1496 424 Guelferby-

144 425 230 473 tano
265 441 302 474 et
328 439 503 474 Etonensi
536 440 663 475 affines
691 451 769 475 esse
802 443 962 486 arguunt
995 436 1056 488 (cf.
1083 441 1311 487 Sedlmayer-i
1343 443 1498 477 tabellas

142 502 165 538 1.
189 513 217 538 c.
244 515 280 549 p.
313 504 363 539 49
389 500 469 549 sq.).
533 502 658 539 Omnis
703 503 818 551 igitur
858 504 1100 540 recentiorum
1142 504 1318 540 librorum
1356 506 1497 551 turbae,

143 567 213 602 etsi
251 567 314 602 alii
349 567 430 603 aliis
462 569 545 613 plus
578 568 740 605 minusve
773 568 952 615 inquinati
985 571 1086 615 sunt,
1126 569 1276 605 eandem
1308 569 1385 605 fere
1418 581 1497 606 esse

144 630 320 666 rationem
347 642 474 668 censeo
503 634 612 678 atque
640 631 821 668 Gissensis
832 628 874 682 ¹).

251 695 378 741 Itaque
401 698 453 742 ut,
476 708 567 742 quae
590 697 774 743 hucusque
797 696 1071 742 disputavimus,
1093 697 1252 733 breviter
1276 697 1498 743 colligamus,

140 759 297 803 genuina
324 771 494 795 versuum
515 760 635 796 forma
655 761 870 806 continetur,
898 763 941 795 ut
967 772 1151 806 nunquam
1172 772 1245 796 non
1267 762 1381 796 statui
1404 762 1494 796 sole-

141 823 220 869 bat,
253 823 429 870 imprimis
460 825 583 861 codice
612 825 813 872 Puteaneo,
846 824 974 861 deinde
1008 825 1149 862 cautius
1183 825 1406 862 adhibendus
1440 827 1498 861 est

142 886 460 933 Guelferbytanus,
484 890 667 937 postremo
694 890 772 924 loco
799 889 1009 934 Etonensis3
1038 890 1255 924 relicuomm
1282 890 1428 924 turbam
1458 890 1496 924 in

140 951 191 987 eis
213 952 377 988 versibus
395 962 483 998 quos
500 952 611 988 habet
627 952 832 989 Puteaneus
848 953 955 999 plane
972 952 1235 1000 neglegendam
1252 965 1330 990 esse
1348 965 1492 999 censeo3

139 1027 228 1061 quos
255 1028 340 1052 vero
368 1017 573 1053 Puteaneus
600 1029 673 1052 non
699 1018 819 1063 habet,
846 1018 1037 1063 praecipue
1065 1019 1306 1054 constituendi
1335 1021 1420 1053 sunt
1447 1030 1490 1053 ex

140 1079 440 1129 Guelferbytano,
473 1081 607 1128 quippe
638 1081 700 1127 qui
731 1081 890 1117 omnium
916 1082 1077 1127 proxime
1106 1082 1152 1117 ad
1179 1082 1405 1118 Puteaneum
1433 1093 1489 1117 ac·

139 1145 257 1191 cedat3
285 1158 400 1192 neque
426 1146 498 1182 nisi
523 1146 711 1191 perpaucis
739 1146 826 1181 locis
855 1157 963 1181 causa
990 1146 1075 1194 erit,
1109 1158 1173 1182 cur
1199 1148 1245 1182 ab
1274 1147 1350 1182 eius
1379 1147 1489 1192 scrip-

137 1210 229 1245 turis
258 1210 481 1257 recedamus3
509 1210 725 1245 relicuorum
755 1209 970 1255 scripturae,
1003 1210 1118 1245 veluti
1146 1210 1325 1246 editorum
1352 1211 1488 1246 coniec-

137 1276 252 1320 turae,
279 1274 348 1309 nisi
376 1273 584 1309 certissimis
612 1274 811 1309 rationibus
838 1274 1024 1319 probatae,
1051 1274 1275 1319 recipiendae
1297 1287 1370 1311 non
1393 1279 1489 1313 sunt.

243 1339 368 1383 Neque
395 1341 518 1373 tamen
544 1338 599 1373 illi
626 1338 720 1383 libri,
751 1348 840 1382 quos
869 1338 1028 1372 omnium
1057 1338 1211 1383 optimos
1240 1350 1318 1374 esse
1346 1340 1486 1375 intelle—

136 1402 263 1448 ximus,
292 1413 332 1437 ac
359 1413 404 1437 ne
432 1403 638 1437 Puteaneus
665 1401 819 1447 quidem,
848 1395 1084 1446 epistularum
1113 1401 1357 1448 incorruptam
1379 1403 1489 1437 tradi-

136 1466 267 1501 derunt
293 1467 462 1502 formam:
490 1466 596 1502 mitto
624 1466 754 1501 menda
774 1465 965 1512 permulta,
994 1466 1123 1511 quibus
1146 1466 1271 1501 referti
1295 1469 1389 1512 sunt,
1416 1478 1488 1501 non

136 1530 213 1567 dico
236 1531 280 1566 de
301 1531 621 1578 grammaticorum
643 1530 869 1577 coniecturis,
891 1541 982 1576 quae
1005 1541 1050 1565 ne
1072 1530 1110 1565 in
1126 1530 1310 1566 Puteaneo
1333 1530 1487 1578 quidem,

135 1586 342 1632 etsirarius
360 1589 569 1642 appareant,
591 1595 716 1631 deesse
733 1585 915 1641 videntur3
938 1597 1126 1640 praetereo
1149 1595 1258 1631 etiam
1280 1596 1362 1630 illos
1379 1596 1486 1641 locos,

135 1660 197 1694 ubi
225 1661 381 1706 lacunas,
409 1672 497 1706 quas
526 1660 563 1694 in
590 1660 668 1705 ipso
696 1659 873 1694 Puteanei
895 1659 1091 1705 archetypo
1112 1651 1230 1694 'fuisse
1254 1660 1487 1695 statuendum

134 1726 206 1770 est,
245 1712 515 1770 compleverunt
546 1723 789 1770 grammatici:
829 1723 985 1768 primum
1017 1724 1055 1758 in
1088 1724 1154 1758 hac
1187 1724 1485 1759 commentatiun-

134 1789 215 1823 cula
247 1789 363 1824 dicam
395 1789 453 1830 dev
473 1789 636 1824 versibus
670 1787 834 1823 insiticiis
869 1787 937 1831 eis,
970 1787 1032 1832 qui
1059 1787 1227 1832 quoniam
1255 1787 1293 1821 in
1321 1788 1486 1823 omnibus

133 1854 235 1889 libris
263 1855 487 1900 comparent,
520 1853 602 1891 inde
630 1852 703 1888 iam
731 1852 929 1898 antiquitus
957 1851 1122 1888 heroides
1150 1852 1326 1889 invasisse
1355 1863 1485 1899 cogno—

133 1921 290 1955 scuntur.

239 1983 406 2019 Alterum
440 1985 561 2032 autem
594 1994 709 2028 neque
743 1981 860 2017 minus
887 1993 997 2028 grave
1027 1980 1184 2017 omnium
1212 1981 1389 2027 codicum,
1423 1981 1484 2028 qui

132 2048 275 2093 quidem
307 2059 401 2083 nunc
434 2047 568 2093 cogniti
605 2047 801 2092 habentur,
833 2046 963 2082 vitium
991 2047 1056 2082 hoc
1085 2049 1156 2090 est,
1189 2046 1283 2091 quod
1311 2046 1485 2081 omittunt

131 2113 333 2158 complures
366 2113 462 2148 locos
495 2111 668 2158 genuinos
696 2113 805 2156 atque
833 2111 871 2145 in
899 2112 950 2146 eis
978 2111 1067 2145 duas
1095 2108 1331 2156 epistularum
1359 2112 1483 2155 partes

132 2177 298 2223 maiores,
325 2189 416 2223 quae
445 2177 536 2212 alias
564 2187 649 2212 casu
677 2176 797 2221 aliquo
827 2178 992 2211 servatae
1022 2187 1099 2211 esse
1122 2172 1299 2211 videntur.
1348 2174 1402 2209 De
1426 2174 1482 2208 his

131 2253 271 2287 quoque
298 2242 402 2286 nobis
430 2241 525 2276 infra
552 2239 739 2275 dicendum
769 2239 851 2276 erit.

218 2356 249 2395 1)
272 2355 363 2387 Duos
387 2354 504 2395 libros,
527 2353 694 2386 Guelferb.
720 2334 819 2393 (Gud.
840 2354 914 2392 161)
937 2353 972 2384 et
994 2353 1195 2385 Vaticanum
1220 2353 1273 2392 (cf.
1293 2363 1324 2394 p.
1343 2356 1363 2384 8
1387 2364 1418 2385 n.
1440 2356 1481 2394 1),

130 2406 179 2439 ita
198 2409 237 2439 ut
265 2407 335 2439 dixi
357 2417 431 2440 esse
461 2406 674 2448 comparatos
699 2404 785 2446 vidi,
814 2415 891 2437 cum
914 2405 957 2437 ad
980 2406 1158 2438 nonnullas
1181 2405 1344 2446 epistulas
1368 2406 1479 2439 varias

90 2502 99 2512 Ὦ
129 2460 266 2493 illorum
290 2460 453 2494 lectiones
475 2460 622 2502 benigne
645 2459 729 2491 mihi
750 2458 948 2492 tradidisset
970 2459 1157 2500 Diltheyus.
