1745 2813
748 105 981 142 --7-

190 217 398 261 emergunt,
431 215 577 258 desunt,
610 225 692 250 cum
730 215 904 260 quattuor
933 209 1006 260 (ep.
1034 214 1078 257 V,
1105 213 1168 259 VI,
1196 214 1265 250 VII
1293 214 1398 250 initia
1430 216 1468 249 et
1495 214 1540 259 V,

190 280 252 325 23,
265 274 334 328 24)
361 279 401 324 in
426 278 505 325 ipso
533 266 709 314 Etonensi
735 278 945 323 appareant.

295 343 457 388 Denique
490 353 585 378 nova
615 342 745 377 menda
772 341 1072 387 librariorumque
1100 341 1322 377 coniecturas
1349 343 1386 377 in
1415 354 1457 377 eo
1485 342 1537 377 in-

189 406 303 443 veniri
330 406 594 442 demonstravit
622 402 879 451 Sedlmayerus
908 400 950 454 (l.
978 416 1018 440 c.·
1035 417 1068 450 p.
1099 407 1149 440 44
1180 416 1230 450 sq.
1260 406 1307 440 81
1339 404 1424 451 sq.);
1459 405 1537 440 sed-

190 473 312 506 tamen
344 470 490 505 illorum
522 481 615 515 quae
648 470 795 515 collegit
828 469 1000 505 vitiorum
1028 470 1169 515 partem
1196 468 1390 504 Etonensis
1419 481 1537 505 recen-

189 533 280 571 sioni
307 533 537 569 tribuendam
563 544 643 568 esse
670 533 837 570 vidimus.

298 597 398 639 Quae
436 598 618 643 hucusque
657 598 700 633 de
739 598 852 633 trium
890 597 1036 632 illorum
1074 597 1248 632 librorum
1287 597 1465 632 affinitate
1504 600 1541 632 et

190 661 481 697 dissimilitudine
499 661 773 707 disputavimus,
794 673 867 697 non
882 663 1035 706 possunt
1054 661 1130 695 ullo
1152 661 1258 695 modo
1281 661 1376 696 inter
1399 673 1437 696 se
1459 673 1540 696 con-

188 725 317 771 ciliari,
350 725 420 760 nisi
452 725 505 761 ita
538 727 581 761 ut
611 727 814 761 statuamus
842 724 1101 770 transcriptum
1134 735 1213 760 esse
1241 724 1401 760 codicem
1429 724 1537 760 Guel-

187 790 419 835 ferbytanum
448 802 491 825 ex
517 790 611 825 libro
634 790 753 836 aliquo
776 790 888 826 codici
910 790 1096 825 Puteaneo
1119 784 1259 841 31111111)
1282 791 1322 825 at
1344 789 1538 825 secundum

186 853 378 889 Etonensis
401 854 643 902 recensionem
664 856 886 900 pertractato
909 855 955 890 ab
979 854 1098 900 aliquo
1121 855 1333 897 correctore,
1362 854 1424 899 qui
1454 866 1538 889 suas

187 929 327 963 quoque
355 918 577 954 coniecturas
606 919 779 964 quasdam
806 919 967 954 inseruit.

292 982 419 1027 Itaque
446 982 593 1017 tertiam
621 982 663 1017 G.
692 984 941 1027 repraesentat
968 982 1227 1027 recensionem,
1258 993 1350 1027 quae
1378 981 1536 1017 medium

187 1044 282 1079 inter
310 1045 347 1079 P.
378 1047 415 1080 et
442 1045 483 1080 Ε.
511 1045 623 1080 libros
651 1047 753 1080 tenet
780 1046 908 1081 locum.

821 1181 900 1227 §a

293 1269 396 1304 Nunc
429 1269 515 1314 quid
548 1268 592 1304 de
627 1269 770 1304 relicuis
799 1268 1058 1304 recentioribus
1086 1268 1188 1304 libris
1218 1269 1448 1304 statuendum
1477 1270 1534 1316 sit,

186 1331 381 1367 videamus.

293 1396 380 1439 Cum
405 1398 514 1431 antea
535 1396 625 1436 duas
648 1398 872 1431 statueretur
893 1407 972 1431 esse
1000 1396 1161 1432 codicum
1187 1396 1355 1442 familias,
1382 1409 1534 1442 quarum

184 1460 302 1495 altera
335 1466 416 1494 cum'
450 1458 491 1494 G.
528 1471 651 1495 omnes
684 1460 796 1495 libros
831 1462 979 1505 excepto
1013 1459 1054 1496 P.
1090 1460 1403 1506 complecteretur,
1441 1472 1536 1496 nunc

187 1523 443 1569 Sedlmayerus
472 1522 512 1570 (l.
530 1534 558 1560 c,
578 1524 626 1559 51
647 1518 716 1571 sq.)
746 1523 992 1559 demonstrare
1021 1523 1145 1559 studet
1168 1519 1304 1559 ‘extare
1327 1523 1450 1570 libros,
1472 1525 1535 1570 qui

185 1600 207 1623 a
239 1588 369 1623 codicis
404 1587 445 1624 Gr.
478 1587 618 1622 familia
649 1588 756 1633 plane
790 1588 980 1634 separandi
1014 1588 1102 1634 sint,
1142 1588 1272 1633 quique
1306 1587 1456 1623 redeant
1488 1588 1535 1624 ad

184 1651 413 1697 exemplaria,
440 1651 557 1697 qualis
581 1652 628 1687 sit
656 1651 695 1687 P.
724 1652 805 1686 inde
829 1663 851 1686 a
874 1663 964 1687 saec.
987 1652 1058 1686 XII
1081 1680 1088 1687 .
1108 1679 1118 1688 .
1135 1648 1158 1687 .'
1210 1648 1385 1687 ‘Fuerunt
1411 1652 1534 1698 igitur,

183 1716 304 1762 pergit
336 1716 415 1757 ille,
452 1716 580 1751 horum
613 1716 788 1751 librorum
822 1716 1010 1761 archetypi
1043 1716 1206 1761 puriores
1241 1727 1349 1761 quam
1386 1715 1428 1751 G.
1451 1728 1532 1762 pro-

184 1779 336 1825 piusque
370 1779 416 1814 ad
448 1779 489 1814 P.
522 1776 764 1815 accedebant.’
819 1780 1001 1825 Imprimis
1039 1780 1169 1815 codicis
1199 1779 1377 1814 Gissensis
1410 1781 1532 1816 arche-

146 1849 148 1852 ⁴
184 1845 313 1888 typum
341 1843 576 1879 vetustiorem
604 1844 715 1879 fuisse
743 1846 864 1879 censet
891 1855 999 1889 quam
1026 1843 1224 1888 exemplar,
1258 1839 1316 1878 ‘ex
1348 1855 1418 1889 quo
1452 1855 1532 1880 cum

183 1907 222 1942 P.
257 1907 425 1942 fluxerint
458 1919 598 1952 omnes,
632 1908 770 1952 aliquot
802 1908 891 1943 locis
923 1907 1105 1952 puriorem
1138 1918 1246 1952 quam
1279 1907 1319 1943 P.
1350 1908 1531 1954 plerisque

182 1971 364 2016 puriorem
391 1983 499 2016 quam
528 1969 570 2006 G.
598 1973 756 2006 ceterum
785 1971 825 2008 P.
853 1967 1031 2006 similem'
1079 1967 1325 2017 ‘Eandemque
1353 1971 1531 2007 rationem

183 2046 262 2070 esse
295 2035 448 2070 aliorum
481 2035 721 2080 quorundam,
760 2037 799 2070 ut
837 2034 1144 2079 Francfurtensis,
1184 2033 1343 2069 Gothani
1376 2032 1530 2080 prioris.'

183 2098 394 2145 Complures
427 2098 539 2145 igitur
572 2098 684 2134 libros
717 2100 863 2144 praeter
895 2100 1059 2134 vetustos
1093 2098 1175 2134 illos
1204 2098 1423 2134 adhibendos
1451 2111 1531 2134 esse

182 2165 291 2208 atque
319 2175 380 2198 eos
408 2174 480 2197 non
507 2162 629 2207 paucis
657 2162 730 2198 illis
756 2162 855 2208 locis,
883 2162 946 2197 ubi
973 2162 1011 2196 in
1037 2162 1077 2196 P.
1102 2164 1227 2198 extant
1249 2163 1413 2209 lacunae,
1441 2163 1529 2209 ipsis

181 2226 284 2262 libris
314 2226 356 2262 G.
384 2228 422 2262 et
449 2227 490 2263 E.
519 2226 641 2272 aliqua
668 2238 711 2262 ex
737 2228 842 2272 parte
870 2238 949 2262 esse
976 2226 1230 2272 praeferendos
1258 2230 1390 2262 censet.

274 2351 304 2390 1)
328 2349 455 2391 Urgere
483 2350 594 2389 nolui,
622 2349 713 2390 quod
739 2349 774 2381 in
797 2349 835 2382 G.
860 2350 963 2382 etiam
991 2350 1148 2383 meliores
1170 2350 1332 2382 lectiones
1353 2353 1530 2393 apparent,

181 2412 283 2443 quam
311 2403 347 2435 in
374 2402 427 2444 P.,
457 2402 616 2444 quoniam
646 2412 761 2436 omnes
789 2402 883 2435 facili
910 2403 1104 2437 coniectura
1131 2403 1275 2437 inveniri
1301 2403 1454 2447 potuisse
1483 2404 1530 2437 vi-

180 2455 311 2491 dentur.
