<?xml version="1.0" encoding="UTF-8"?>
<!DOCTYPE html PUBLIC "-//W3C//DTD XHTML 1.0 Transitional//EN"
    "http://www.w3.org/TR/xhtml1/DTD/xhtml1-transitional.dtd">
<html xmlns="http://www.w3.org/1999/xhtml" xml:lang="en" lang="en">
 <head>
  <title>
</title>
<meta http-equiv="Content-Type" content="text/html;charset=utf-8" />
  <meta name='ocr-system' content='tesseract 3.04.00' />
  <meta name='ocr-capabilities' content='ocr_page ocr_carea ocr_par ocr_line ocrx_word'/>
</head>
<body>
  <div class='ocr_page' id='page_1' title='image "4737333_0038.png"; bbox 0 0 1745 2813; ppageno 0'>
   <div class='ocr_carea' id='block_1_1' title="bbox 788 117 1045 156">
    <p class='ocr_par' dir='ltr' id='par_1_1' title="bbox 788 117 1045 156">
     <span class='ocr_line' id='line_1_1' title="bbox 788 117 1045 156; baseline 0 -12"><span class='ocrx_word' id='word_1_1' title='bbox 788 117 1045 156; x_wconf 80' lang='lat'>..20-</span> 
     </span>
    </p>
   </div>
   <div class='ocr_carea' id='block_1_2' title="bbox 233 221 1591 402">
    <p class='ocr_par' dir='ltr' id='par_1_2' title="bbox 233 221 1591 402">
     <span class='ocr_line' id='line_1_2' title="bbox 233 221 1590 275; baseline 0.002 -13"><span class='ocrx_word' id='word_1_2' title='bbox 233 238 323 272; x_wconf 88' lang='lat' dir='ltr'><strong>quos</strong></span> <span class='ocrx_word' id='word_1_3' title='bbox 357 226 589 262; x_wconf 88' lang='lat' dir='ltr'><strong>Schenkelius</strong></span> <span class='ocrx_word' id='word_1_4' title='bbox 622 221 681 275; x_wconf 83' lang='lat' dir='ltr'><strong>(in.</strong></span> <span class='ocrx_word' id='word_1_5' title='bbox 710 226 893 273; x_wconf 84' lang='lat' dir='ltr'><strong>Philologi</strong></span> <span class='ocrx_word' id='word_1_6' title='bbox 920 229 946 263; x_wconf 90' lang='lat' dir='ltr'><strong>t.</strong></span> <span class='ocrx_word' id='word_1_7' title='bbox 975 227 1128 262; x_wconf 89' lang='lat' dir='ltr'>XXXVI</span> <span class='ocrx_word' id='word_1_8' title='bbox 1160 223 1320 275; x_wconf 57' lang='lat' dir='ltr'><strong>ps175)</strong></span> <span class='ocrx_word' id='word_1_9' title='bbox 1354 227 1467 263; x_wconf 85' lang='lat' dir='ltr'><strong>deleri</strong></span> <span class='ocrx_word' id='word_1_10' title='bbox 1499 229 1590 274; x_wconf 83' lang='lat' dir='ltr'><strong>vult,</strong></span> 
     </span>
     <span class='ocr_line' id='line_1_3' title="bbox 233 290 1591 328; baseline 0.001 -3"><span class='ocrx_word' id='word_1_11' title='bbox 233 302 315 325; x_wconf 92' lang='lat' dir='ltr'><strong>cum</strong></span> <span class='ocrx_word' id='word_1_12' title='bbox 341 290 405 325; x_wconf 88' lang='lat' dir='ltr'><strong>alii</strong></span> <span class='ocrx_word' id='word_1_13' title='bbox 433 291 525 326; x_wconf 88' lang='lat' dir='ltr'><strong>alias</strong></span> <span class='ocrx_word' id='word_1_14' title='bbox 554 290 598 325; x_wconf 86' lang='lat' dir='ltr'><strong>de</strong></span> <span class='ocrx_word' id='word_1_15' title='bbox 626 292 705 326; x_wconf 89' lang='lat' dir='ltr'><strong>toto</strong></span> <span class='ocrx_word' id='word_1_16' title='bbox 734 291 812 326; x_wconf 87' lang='lat' dir='ltr'><strong>loco</strong></span> <span class='ocrx_word' id='word_1_17' title='bbox 840 291 1062 327; x_wconf 86' lang='lat' dir='ltr'><strong>coniecturas</strong></span> <span class='ocrx_word' id='word_1_18' title='bbox 1090 291 1293 327; x_wconf 75' lang='lat' dir='ltr'><strong>exhibeant.</strong></span> <span class='ocrx_word' id='word_1_19' title='bbox 1344 292 1397 327; x_wconf 89' lang='lat' dir='ltr'><strong>Ut</strong></span> <span class='ocrx_word' id='word_1_20' title='bbox 1424 292 1591 328; x_wconf 84' lang='lat' dir='ltr'><strong>omittam</strong></span> 
     </span>
     <span class='ocr_line' id='line_1_4' title="bbox 234 349 1591 402; baseline 0.001 -14"><span class='ocrx_word' id='word_1_21' title='bbox 234 354 411 389; x_wconf 76' lang='lat' dir='ltr'><strong>Matthiae</strong></span> <span class='ocrx_word' id='word_1_22' title='bbox 452 356 490 390; x_wconf 88' lang='lat' dir='ltr'><strong>et</strong></span> <span class='ocrx_word' id='word_1_23' title='bbox 528 355 669 390; x_wconf 88' lang='lat' dir='ltr'><strong>Heinsii</strong></span> <span class='ocrx_word' id='word_1_24' title='bbox 707 355 745 389; x_wconf 89' lang='lat' dir='ltr'><strong>et</strong></span> <span class='ocrx_word' id='word_1_25' title='bbox 783 354 1021 390; x_wconf 86' lang='lat' dir='ltr'><strong>Lindemanni</strong></span> <span class='ocrx_word' id='word_1_26' title='bbox 1058 354 1299 402; x_wconf 86' lang='lat' dir='ltr'><strong>coniecturas,</strong></span> <span class='ocrx_word' id='word_1_27' title='bbox 1336 354 1399 400; x_wconf 90' lang='lat' dir='ltr'><strong>qui</strong></span> <span class='ocrx_word' id='word_1_28' title='bbox 1413 349 1423 359; x_wconf 80' lang='lat'><em>&#39;</em></span> <span class='ocrx_word' id='word_1_29' title='bbox 1437 366 1460 389; x_wconf 85' lang='lat' dir='ltr'><strong>a</strong></span> <span class='ocrx_word' id='word_1_30' title='bbox 1496 355 1591 391; x_wconf 78' lang='lat' dir='ltr'><strong>falsa</strong></span> 
     </span>
    </p>
   </div>
   <div class='ocr_carea' id='block_1_3' title="bbox 158 414 1611 477">
    <p class='ocr_par' dir='ltr' id='par_1_3' title="bbox 158 414 1611 477">
     <span class='ocr_line' id='line_1_5' title="bbox 158 414 1611 477; baseline 0.001 -25"><span class='ocrx_word' id='word_1_31' title='bbox 158 466 161 468; x_wconf 17' lang='lat' dir='ltr'>q</span> <span class='ocrx_word' id='word_1_32' title='bbox 234 418 396 452; x_wconf 90' lang='lat' dir='ltr'><strong>codicum</strong></span> <span class='ocrx_word' id='word_1_33' title='bbox 440 419 593 453; x_wconf 88' lang='lat' dir='ltr'><strong>lectione</strong></span> <span class='ocrx_word' id='word_1_34' title='bbox 639 415 734 453; x_wconf 79' lang='lat' dir='ltr'><strong>‘hoc’</strong></span> <span class='ocrx_word' id='word_1_35' title='bbox 744 414 773 464; x_wconf 88' lang='lat'><strong>¹)</strong></span> <span class='ocrx_word' id='word_1_36' title='bbox 818 414 933 466; x_wconf 88' lang='lat'>(103)</span> <span class='ocrx_word' id='word_1_37' title='bbox 978 419 1151 477; x_wconf 56' lang='lat' dir='ltr'><strong>profecti·</strong></span> <span class='ocrx_word' id='word_1_38' title='bbox 1168 421 1269 464; x_wconf 89' lang='lat' dir='ltr'><strong>sunt,</strong></span> <span class='ocrx_word' id='word_1_39' title='bbox 1313 418 1611 465; x_wconf 53' lang='lat' dir='ltr'><strong>windeburgius,</strong></span> 
     </span>
    </p>
   </div>
   <div class='ocr_carea' id='block_1_4' title="bbox 192 481 1595 2123">
    <p class='ocr_par' dir='ltr' id='par_1_4' title="bbox 234 481 1592 910">
     <span class='ocr_line' id='line_1_6' title="bbox 235 481 1592 528; baseline 0 -12"><span class='ocrx_word' id='word_1_40' title='bbox 235 492 270 517; x_wconf 86' lang='lat' dir='ltr'><strong>v.</strong></span> <span class='ocrx_word' id='word_1_41' title='bbox 292 482 380 526; x_wconf 84' lang='lat'><strong>107,</strong></span> <span class='ocrx_word' id='word_1_42' title='bbox 401 482 476 517; x_wconf 89' lang='lat'><strong>108</strong></span> <span class='ocrx_word' id='word_1_43' title='bbox 499 483 582 526; x_wconf 88' lang='lat' dir='ltr'><strong>post</strong></span> <span class='ocrx_word' id='word_1_44' title='bbox 604 493 638 517; x_wconf 84' lang='lat' dir='ltr'><strong>v.</strong></span> <span class='ocrx_word' id='word_1_45' title='bbox 659 482 708 517; x_wconf 87' lang='grc'><strong>98</strong></span> <span class='ocrx_word' id='word_1_46' title='bbox 732 481 854 526; x_wconf 90' lang='lat' dir='ltr'><strong>posuit</strong></span> <span class='ocrx_word' id='word_1_47' title='bbox 880 481 981 528; x_wconf 89' lang='lat' dir='ltr'><strong>nihil,</strong></span> <span class='ocrx_word' id='word_1_48' title='bbox 1010 482 1145 528; x_wconf 84' lang='lat' dir='ltr'>opinor,</span> <span class='ocrx_word' id='word_1_49' title='bbox 1172 482 1370 527; x_wconf 91' lang='lat' dir='ltr'><strong>proficiens.</strong></span> <span class='ocrx_word' id='word_1_50' title='bbox 1420 482 1592 517; x_wconf 84' lang='lat' dir='ltr'><strong>Lehrsius</strong></span> 
     </span>
     <span class='ocr_line' id='line_1_7' title="bbox 234 545 1592 592; baseline 0.001 -12"><span class='ocrx_word' id='word_1_51' title='bbox 234 545 376 580; x_wconf 90' lang='lat' dir='ltr'><strong>nullum</strong></span> <span class='ocrx_word' id='word_1_52' title='bbox 410 545 492 580; x_wconf 86' lang='lat' dir='ltr'><strong>inde</strong></span> <span class='ocrx_word' id='word_1_53' title='bbox 526 557 548 581; x_wconf 86' lang='lat' dir='ltr'><strong>a</strong></span> <span class='ocrx_word' id='word_1_54' title='bbox 581 557 690 582; x_wconf 86' lang='lat' dir='ltr'><strong>versu</strong></span> <span class='ocrx_word' id='word_1_55' title='bbox 724 547 773 582; x_wconf 84' lang='lat'><strong>87</strong></span> <span class='ocrx_word' id='word_1_56' title='bbox 808 557 922 591; x_wconf 89' lang='lat' dir='ltr'><strong>usque</strong></span> <span class='ocrx_word' id='word_1_57' title='bbox 950 546 996 581; x_wconf 88' lang='lat' dir='ltr'><strong>ad</strong></span> <span class='ocrx_word' id='word_1_58' title='bbox 1025 548 1226 582; x_wconf 88' lang='lat' dir='ltr'><strong>extremum</strong></span> <span class='ocrx_word' id='word_1_59' title='bbox 1253 546 1592 592; x_wconf 73' lang='lat' dir='ltr'><strong>interpolationibus</strong></span> 
     </span>
     <span class='ocr_line' id='line_1_8' title="bbox 234 608 1592 656; baseline 0.001 -13"><span class='ocrx_word' id='word_1_60' title='bbox 234 608 389 643; x_wconf 85' lang='lat' dir='ltr'><strong>liberum</strong></span> <span class='ocrx_word' id='word_1_61' title='bbox 419 611 536 654; x_wconf 85' lang='lat' dir='ltr'><strong>putat.</strong></span> <span class='ocrx_word' id='word_1_62' title='bbox 570 628 614 634; x_wconf 89' lang='lat'><strong>——</strong></span> <span class='ocrx_word' id='word_1_63' title='bbox 646 608 797 655; x_wconf 80' lang='lat' dir='ltr'><strong>Omnes,</strong></span> <span class='ocrx_word' id='word_1_64' title='bbox 830 612 1084 655; x_wconf 77' lang='lat' dir='ltr'><strong>praeterquam</strong></span> <span class='ocrx_word' id='word_1_65' title='bbox 1111 610 1206 655; x_wconf 86' lang='lat' dir='ltr'><strong>quod</strong></span> <span class='ocrx_word' id='word_1_66' title='bbox 1236 610 1469 646; x_wconf 83' lang='lat' dir='ltr'><strong>Schenkelius</strong></span> <span class='ocrx_word' id='word_1_67' title='bbox 1497 610 1592 656; x_wconf 86' lang='lat' dir='ltr'><strong>cogi-</strong></span> 
     </span>
     <span class='ocr_line' id='line_1_9' title="bbox 234 673 1592 719; baseline 0.001 -11"><span class='ocrx_word' id='word_1_68' title='bbox 234 673 410 709; x_wconf 77' lang='lat' dir='ltr'><strong>tationem</strong></span> <span class='ocrx_word' id='word_1_69' title='bbox 444 676 569 710; x_wconf 84' lang='lat' dir='ltr'><strong>contra</strong></span> <span class='ocrx_word' id='word_1_70' title='bbox 600 673 719 710; x_wconf 82' lang='lat' dir='ltr'><strong>Ovidii</strong></span> <span class='ocrx_word' id='word_1_71' title='bbox 752 685 890 710; x_wconf 88' lang='lat' dir='ltr'><strong>morem</strong></span> <span class='ocrx_word' id='word_1_72' title='bbox 924 673 1040 719; x_wconf 89' lang='lat' dir='ltr'><strong>repeti</strong></span> <span class='ocrx_word' id='word_1_73' title='bbox 1067 674 1159 710; x_wconf 87' lang='lat' dir='ltr'><strong>false</strong></span> <span class='ocrx_word' id='word_1_74' title='bbox 1188 674 1334 719; x_wconf 85' lang='lat' dir='ltr'><strong>statuit,</strong></span> <span class='ocrx_word' id='word_1_75' title='bbox 1368 686 1411 710; x_wconf 92' lang='lat' dir='ltr'><strong>ea</strong></span> <span class='ocrx_word' id='word_1_76' title='bbox 1438 674 1592 710; x_wconf 81' lang='lat' dir='ltr'><strong>maxime</strong></span> 
     </span>
     <span class='ocr_line' id='line_1_10' title="bbox 234 732 1592 783; baseline 0 -11"><span class='ocrx_word' id='word_1_77' title='bbox 234 749 274 772; x_wconf 87' lang='lat' dir='ltr'><strong>re</strong></span> <span class='ocrx_word' id='word_1_78' title='bbox 306 738 376 772; x_wconf 91' lang='lat' dir='ltr'><strong>nisi</strong></span> <span class='ocrx_word' id='word_1_79' title='bbox 409 738 633 773; x_wconf 87' lang='lat' dir='ltr'><strong>coniecturas</strong></span> <span class='ocrx_word' id='word_1_80' title='bbox 668 739 889 782; x_wconf 88' lang='lat' dir='ltr'><strong>proponunt,</strong></span> <span class='ocrx_word' id='word_1_81' title='bbox 923 732 1018 782; x_wconf 71' lang='lat' dir='ltr'><strong>quod</strong></span> <span class='ocrx_word' id='word_1_82' title='bbox 1050 738 1088 772; x_wconf 93' lang='lat' dir='ltr'><strong>in</strong></span> <span class='ocrx_word' id='word_1_83' title='bbox 1120 750 1155 775; x_wconf 85' lang='lat' dir='ltr'><strong>v.</strong></span> <span class='ocrx_word' id='word_1_84' title='bbox 1180 740 1228 773; x_wconf 89' lang='grc'><strong>99</strong></span> <span class='ocrx_word' id='word_1_85' title='bbox 1264 749 1377 783; x_wconf 86' lang='lat' dir='ltr'><strong>usque</strong></span> <span class='ocrx_word' id='word_1_86' title='bbox 1411 738 1458 773; x_wconf 85' lang='lat' dir='ltr'><strong>ad</strong></span> <span class='ocrx_word' id='word_1_87' title='bbox 1484 738 1592 772; x_wconf 89' lang='lat' dir='ltr'><strong>finem</strong></span> 
     </span>
     <span class='ocr_line' id='line_1_11' title="bbox 237 800 1592 846; baseline 0.001 -11"><span class='ocrx_word' id='word_1_88' title='bbox 237 800 499 846; x_wconf 78' lang='lat' dir='ltr'><strong>cogitationum</strong></span> <span class='ocrx_word' id='word_1_89' title='bbox 527 801 615 836; x_wconf 89' lang='lat' dir='ltr'><strong>ordo</strong></span> <span class='ocrx_word' id='word_1_90' title='bbox 642 801 749 846; x_wconf 88' lang='lat' dir='ltr'><strong>plane</strong></span> <span class='ocrx_word' id='word_1_91' title='bbox 778 801 826 836; x_wconf 89' lang='lat' dir='ltr'><strong>sit</strong></span> <span class='ocrx_word' id='word_1_92' title='bbox 853 801 1032 837; x_wconf 89' lang='lat' dir='ltr'><strong>turbatus.</strong></span> <span class='ocrx_word' id='word_1_93' title='bbox 1077 801 1271 837; x_wconf 87' lang='lat' dir='ltr'><strong>Sedtamen</strong></span> <span class='ocrx_word' id='word_1_94' title='bbox 1298 802 1381 837; x_wconf 90' lang='lat' dir='ltr'><strong>huic</strong></span> <span class='ocrx_word' id='word_1_95' title='bbox 1409 802 1462 837; x_wconf 90' lang='lat' dir='ltr'><strong>rei</strong></span> <span class='ocrx_word' id='word_1_96' title='bbox 1483 801 1592 837; x_wconf 88' lang='lat' dir='ltr'><strong>aliam</strong></span> 
     </span>
     <span class='ocr_line' id='line_1_12' title="bbox 236 864 821 910; baseline 0.002 -11"><span class='ocrx_word' id='word_1_97' title='bbox 236 864 414 900; x_wconf 86' lang='lat' dir='ltr'><strong>medelam</strong></span> <span class='ocrx_word' id='word_1_98' title='bbox 441 866 587 909; x_wconf 87' lang='lat' dir='ltr'><strong>praesto</strong></span> <span class='ocrx_word' id='word_1_99' title='bbox 617 875 694 899; x_wconf 88' lang='lat' dir='ltr'><strong>esse</strong></span> <span class='ocrx_word' id='word_1_100' title='bbox 723 866 821 910; x_wconf 82' lang='lat' dir='ltr'><strong>puto,</strong></span> 
     </span>
    </p>

    <p class='ocr_par' dir='ltr' id='par_1_5' title="bbox 192 924 1595 2123">
     <span class='ocr_line' id='line_1_13' title="bbox 342 924 1590 977; baseline 0.002 -15"><span class='ocrx_word' id='word_1_101' title='bbox 342 928 427 963; x_wconf 88' lang='lat' dir='ltr'><strong>Sine</strong></span> <span class='ocrx_word' id='word_1_102' title='bbox 460 927 569 963; x_wconf 91' lang='lat' dir='ltr'><strong>dubio</strong></span> <span class='ocrx_word' id='word_1_103' title='bbox 604 939 758 974; x_wconf 86' lang='lat' dir='ltr'><strong>magnae</strong></span> <span class='ocrx_word' id='word_1_104' title='bbox 792 939 982 974; x_wconf 88' lang='lat' dir='ltr'><strong>procorum</strong></span> <span class='ocrx_word' id='word_1_105' title='bbox 1010 928 1140 964; x_wconf 84' lang='lat' dir='ltr'><strong>turbae</strong></span> <span class='ocrx_word' id='word_1_106' title='bbox 1168 924 1381 977; x_wconf 81' lang='lat' dir='ltr'><strong>(ss—96),</strong></span> <span class='ocrx_word' id='word_1_107' title='bbox 1413 930 1455 964; x_wconf 94' lang='lat' dir='ltr'><strong>ut</strong></span> <span class='ocrx_word' id='word_1_108' title='bbox 1482 939 1590 974; x_wconf 89' lang='lat' dir='ltr'><strong>appa-</strong></span> 
     </span>
     <span class='ocr_line' id='line_1_14' title="bbox 234 992 1591 1039; baseline 0 -12"><span class='ocrx_word' id='word_1_109' title='bbox 234 994 325 1039; x_wconf 85' lang='lat' dir='ltr'><strong>reat,</strong></span> <span class='ocrx_word' id='word_1_110' title='bbox 353 1003 462 1037; x_wconf 88' lang='lat' dir='ltr'><strong>quam</strong></span> <span class='ocrx_word' id='word_1_111' title='bbox 490 992 560 1028; x_wconf 90' lang='lat' dir='ltr'><strong>cito</strong></span> <span class='ocrx_word' id='word_1_112' title='bbox 590 1003 680 1037; x_wconf 90' lang='lat' dir='ltr'><strong>opus</strong></span> <span class='ocrx_word' id='word_1_113' title='bbox 710 992 758 1027; x_wconf 88' lang='lat' dir='ltr'><strong>sit</strong></span> <span class='ocrx_word' id='word_1_114' title='bbox 786 992 930 1039; x_wconf 87' lang='lat' dir='ltr'><strong>auxilio,</strong></span> <span class='ocrx_word' id='word_1_115' title='bbox 959 994 1190 1038; x_wconf 88' lang='lat' dir='ltr'><strong>opponuntur</strong></span> <span class='ocrx_word' id='word_1_116' title='bbox 1216 995 1292 1028; x_wconf 90' lang='lat' dir='ltr'><strong>tres</strong></span> <span class='ocrx_word' id='word_1_117' title='bbox 1320 993 1502 1039; x_wconf 81' lang='lat' dir='ltr'><strong>imbelles,</strong></span> <span class='ocrx_word' id='word_1_118' title='bbox 1530 993 1591 1038; x_wconf 91' lang='lat' dir='ltr'><strong>qui</strong></span> 
     </span>
     <span class='ocr_line' id='line_1_15' title="bbox 235 1051 1593 1105; baseline 0 -14"><span class='ocrx_word' id='word_1_119' title='bbox 235 1056 308 1091; x_wconf 88' lang='lat' dir='ltr'><strong>illis</strong></span> <span class='ocrx_word' id='word_1_120' title='bbox 330 1055 501 1091; x_wconf 88' lang='lat' dir='ltr'><strong>resistere</strong></span> <span class='ocrx_word' id='word_1_121' title='bbox 523 1067 595 1091; x_wconf 91' lang='lat' dir='ltr'><strong>non</strong></span> <span class='ocrx_word' id='word_1_122' title='bbox 611 1055 752 1101; x_wconf 78' lang='lat' dir='ltr'><strong>possint</strong></span> <span class='ocrx_word' id='word_1_123' title='bbox 769 1051 974 1105; x_wconf 81' lang='lat'>(97-98).</span> <span class='ocrx_word' id='word_1_124' title='bbox 1019 1056 1194 1092; x_wconf 83' lang='lat' dir='ltr'><strong>Versibus</strong></span> <span class='ocrx_word' id='word_1_125' title='bbox 1215 1058 1422 1094; x_wconf 88' lang='lat'>105—109</span> <span class='ocrx_word' id='word_1_126' title='bbox 1442 1058 1593 1103; x_wconf 83' lang='lat' dir='ltr'><strong>apparet</strong></span> 
     </span>
     <span class='ocr_line' id='line_1_16' title="bbox 235 1120 1593 1167; baseline 0.001 -13"><span class='ocrx_word' id='word_1_127' title='bbox 235 1120 319 1166; x_wconf 89' lang='lat' dir='ltr'><strong>hoc,</strong></span> <span class='ocrx_word' id='word_1_128' title='bbox 353 1120 436 1155; x_wconf 91' lang='lat' dir='ltr'><strong>illos</strong></span> <span class='ocrx_word' id='word_1_129' title='bbox 469 1120 562 1155; x_wconf 90' lang='lat' dir='ltr'><strong>nihil</strong></span> <span class='ocrx_word' id='word_1_130' title='bbox 590 1122 716 1155; x_wconf 89' lang='lat' dir='ltr'><strong>contra</strong></span> <span class='ocrx_word' id='word_1_131' title='bbox 741 1132 870 1166; x_wconf 89' lang='lat' dir='ltr'><strong>procos</strong></span> <span class='ocrx_word' id='word_1_132' title='bbox 898 1121 1037 1166; x_wconf 88' lang='lat' dir='ltr'><strong>valere,</strong></span> <span class='ocrx_word' id='word_1_133' title='bbox 1072 1122 1275 1157; x_wconf 81' lang='lat' dir='ltr'><strong>accuratius</strong></span> <span class='ocrx_word' id='word_1_134' title='bbox 1303 1122 1441 1167; x_wconf 85' lang='lat' dir='ltr'><strong>exponi.</strong></span> <span class='ocrx_word' id='word_1_135' title='bbox 1463 1164 1466 1167; x_wconf 17' lang='lat'><strong>⁴</strong></span> <span class='ocrx_word' id='word_1_136' title='bbox 1497 1121 1593 1156; x_wconf 82' lang='lat' dir='ltr'><strong>Illud</strong></span> 
     </span>
     <span class='ocr_line' id='line_1_17' title="bbox 203 1181 1593 1234; baseline 0 -16"><span class='ocrx_word' id='word_1_137' title='bbox 203 1222 214 1231; x_wconf 33' lang='grc' dir='ltr'><strong><em>δ</em></strong></span> <span class='ocrx_word' id='word_1_138' title='bbox 234 1185 354 1230; x_wconf 65' lang='lat' dir='ltr'><strong>igitur</strong></span> <span class='ocrx_word' id='word_1_139' title='bbox 384 1184 614 1219; x_wconf 88' lang='lat' dir='ltr'><strong>enuntiatum</strong></span> <span class='ocrx_word' id='word_1_140' title='bbox 649 1181 738 1220; x_wconf 83' lang='lat' dir='ltr'><strong>‘tres</strong></span> <span class='ocrx_word' id='word_1_141' title='bbox 772 1196 897 1220; x_wconf 90' lang='lat' dir='ltr'><strong>sumus</strong></span> <span class='ocrx_word' id='word_1_142' title='bbox 930 1185 1095 1220; x_wconf 84' lang='lat' dir='ltr'><strong>imbelles</strong></span> <span class='ocrx_word' id='word_1_143' title='bbox 1120 1182 1195 1221; x_wconf 90' lang='grc'><strong>...’</strong></span> <span class='ocrx_word' id='word_1_144' title='bbox 1220 1181 1289 1234; x_wconf 85' lang='grc'><strong>(97</strong></span> <span class='ocrx_word' id='word_1_145' title='bbox 1325 1181 1393 1233; x_wconf 84' lang='lat' dir='ltr'><strong>sq.)</strong></span> <span class='ocrx_word' id='word_1_146' title='bbox 1428 1186 1465 1220; x_wconf 91' lang='lat' dir='ltr'><strong>et</strong></span> <span class='ocrx_word' id='word_1_147' title='bbox 1498 1184 1593 1229; x_wconf 90' lang='lat' dir='ltr'><strong>quod</strong></span> 
     </span>
     <span class='ocr_line' id='line_1_18' title="bbox 236 1243 1593 1297; baseline 0.001 -15"><span class='ocrx_word' id='word_1_148' title='bbox 236 1247 402 1293; x_wconf 91' lang='lat' dir='ltr'><strong>sequitur</strong></span> <span class='ocrx_word' id='word_1_149' title='bbox 424 1243 500 1283; x_wconf 76' lang='lat' dir='ltr'><strong>‘sed</strong></span> <span class='ocrx_word' id='word_1_150' title='bbox 523 1259 639 1293; x_wconf 88' lang='lat' dir='ltr'><strong>neque</strong></span> <span class='ocrx_word' id='word_1_151' title='bbox 663 1248 841 1284; x_wconf 86' lang='lat' dir='ltr'><strong>Laertes.</strong></span> <span class='ocrx_word' id='word_1_152' title='bbox 860 1276 869 1284; x_wconf 89' lang='lat'><strong><em>.</em></strong></span> <span class='ocrx_word' id='word_1_153' title='bbox 887 1244 911 1284; x_wconf 85' lang='lat'><strong>.&#39;</strong></span> <span class='ocrx_word' id='word_1_154' title='bbox 940 1243 1036 1296; x_wconf 90' lang='lat'>(105</span> <span class='ocrx_word' id='word_1_155' title='bbox 1051 1245 1190 1297; x_wconf 86' lang='lat'>—109)</span> <span class='ocrx_word' id='word_1_156' title='bbox 1222 1249 1319 1284; x_wconf 91' lang='lat' dir='ltr'><strong>inter</strong></span> <span class='ocrx_word' id='word_1_157' title='bbox 1346 1260 1384 1285; x_wconf 89' lang='lat' dir='ltr'><strong>se</strong></span> <span class='ocrx_word' id='word_1_158' title='bbox 1413 1248 1593 1286; x_wconf 83' lang='lat' dir='ltr'><strong>artissime</strong></span> 
     </span>
     <span class='ocr_line' id='line_1_19' title="bbox 239 1312 1595 1358; baseline 0.001 -13"><span class='ocrx_word' id='word_1_159' title='bbox 239 1312 489 1358; x_wconf 83' lang='lat' dir='ltr'><strong>coniungenda</strong></span> <span class='ocrx_word' id='word_1_160' title='bbox 521 1314 622 1357; x_wconf 88' lang='lat' dir='ltr'><strong>sunt,</strong></span> <span class='ocrx_word' id='word_1_161' title='bbox 655 1314 693 1346; x_wconf 88' lang='lat' dir='ltr'><strong>et</strong></span> <span class='ocrx_word' id='word_1_162' title='bbox 726 1312 881 1347; x_wconf 89' lang='lat' dir='ltr'><strong>alterum</strong></span> <span class='ocrx_word' id='word_1_163' title='bbox 915 1313 1031 1357; x_wconf 84' lang='lat' dir='ltr'><strong>excipi</strong></span> <span class='ocrx_word' id='word_1_164' title='bbox 1064 1324 1209 1348; x_wconf 87' lang='lat' dir='ltr'><strong>necesse</strong></span> <span class='ocrx_word' id='word_1_165' title='bbox 1243 1316 1299 1348; x_wconf 90' lang='lat' dir='ltr'><strong>est</strong></span> <span class='ocrx_word' id='word_1_166' title='bbox 1331 1314 1377 1348; x_wconf 86' lang='lat' dir='ltr'><strong>ab</strong></span> <span class='ocrx_word' id='word_1_167' title='bbox 1410 1313 1526 1347; x_wconf 84' lang='lat' dir='ltr'><strong>altero</strong></span> <span class='ocrx_word' id='word_1_168' title='bbox 1553 1314 1595 1346; x_wconf 92' lang='lat' dir='ltr'><strong>ut</strong></span> 
     </span>
     <span class='ocr_line' id='line_1_20' title="bbox 236 1371 1593 1425; baseline 0 -14"><span class='ocrx_word' id='word_1_169' title='bbox 236 1376 281 1411; x_wconf 90' lang='lat' dir='ltr'><strong>ab</strong></span> <span class='ocrx_word' id='word_1_170' title='bbox 311 1375 471 1421; x_wconf 88' lang='lat' dir='ltr'><strong>apodosi.</strong></span> <span class='ocrx_word' id='word_1_171' title='bbox 516 1374 621 1417; x_wconf 84' lang='lat' dir='ltr'><strong>Quod</strong></span> <span class='ocrx_word' id='word_1_172' title='bbox 649 1375 728 1410; x_wconf 88' lang='lat' dir='ltr'><strong>fieri</strong></span> <span class='ocrx_word' id='word_1_173' title='bbox 754 1387 827 1411; x_wconf 92' lang='lat' dir='ltr'><strong>non</strong></span> <span class='ocrx_word' id='word_1_174' title='bbox 854 1377 991 1422; x_wconf 89' lang='lat' dir='ltr'><strong>potest,</strong></span> <span class='ocrx_word' id='word_1_175' title='bbox 1020 1375 1051 1411; x_wconf 92' lang='lat' dir='ltr'><strong>si</strong></span> <span class='ocrx_word' id='word_1_176' title='bbox 1080 1387 1142 1411; x_wconf 89' lang='lat' dir='ltr'><strong>sex</strong></span> <span class='ocrx_word' id='word_1_177' title='bbox 1169 1376 1333 1411; x_wconf 86' lang='lat' dir='ltr'><strong>versibus</strong></span> <span class='ocrx_word' id='word_1_178' title='bbox 1361 1371 1593 1425; x_wconf 72' lang='lat'><strong>(99-104),</strong></span> 
     </span>
     <span class='ocr_line' id='line_1_21' title="bbox 235 1436 1593 1488; baseline 0.001 -15"><span class='ocrx_word' id='word_1_179' title='bbox 235 1451 391 1484; x_wconf 90' lang='lat' dir='ltr'><strong>quorum</strong></span> <span class='ocrx_word' id='word_1_180' title='bbox 408 1441 583 1483; x_wconf 86' lang='lat' dir='ltr'><strong>quattuor</strong></span> <span class='ocrx_word' id='word_1_181' title='bbox 598 1439 705 1483; x_wconf 89' lang='lat' dir='ltr'><strong>plane</strong></span> <span class='ocrx_word' id='word_1_182' title='bbox 724 1439 879 1473; x_wconf 89' lang='lat' dir='ltr'><strong>alienam</strong></span> <span class='ocrx_word' id='word_1_183' title='bbox 896 1440 1073 1483; x_wconf 88' lang='lat' dir='ltr'><strong>praebent</strong></span> <span class='ocrx_word' id='word_1_184' title='bbox 1084 1439 1342 1485; x_wconf 87' lang='lat' dir='ltr'><strong>cogitationem</strong></span> <span class='ocrx_word' id='word_1_185' title='bbox 1360 1436 1593 1488; x_wconf 84' lang='lat'>(99—102),</span> 
     </span>
     <span class='ocr_line' id='line_1_22' title="bbox 234 1502 1593 1547; baseline 0 -10"><span class='ocrx_word' id='word_1_186' title='bbox 234 1502 451 1538; x_wconf 88' lang='lat' dir='ltr'><strong>intermissis</strong></span> <span class='ocrx_word' id='word_1_187' title='bbox 479 1502 758 1547; x_wconf 85' lang='lat' dir='ltr'><strong>interrumpitur</strong></span> <span class='ocrx_word' id='word_1_188' title='bbox 785 1513 898 1537; x_wconf 88' lang='lat' dir='ltr'><strong>nexus</strong></span> <span class='ocrx_word' id='word_1_189' title='bbox 927 1502 1199 1538; x_wconf 87' lang='lat' dir='ltr'><strong>sententiarum.</strong></span> <span class='ocrx_word' id='word_1_190' title='bbox 1244 1502 1314 1537; x_wconf 86' lang='lat' dir='ltr'><strong>Sed</strong></span> <span class='ocrx_word' id='word_1_191' title='bbox 1337 1503 1408 1537; x_wconf 92' lang='lat' dir='ltr'><strong>alio</strong></span> <span class='ocrx_word' id='word_1_192' title='bbox 1431 1503 1521 1547; x_wconf 91' lang='lat' dir='ltr'><strong>loco,</strong></span> <span class='ocrx_word' id='word_1_193' title='bbox 1550 1505 1593 1537; x_wconf 88' lang='lat' dir='ltr'><strong>ut</strong></span> 
     </span>
     <span class='ocr_line' id='line_1_23' title="bbox 237 1561 1594 1615; baseline 0 -13"><span class='ocrx_word' id='word_1_194' title='bbox 237 1567 302 1602; x_wconf 87' lang='lat' dir='ltr'><strong>illa</strong></span> <span class='ocrx_word' id='word_1_195' title='bbox 342 1567 386 1601; x_wconf 89' lang='lat' dir='ltr'><strong>de</strong></span> <span class='ocrx_word' id='word_1_196' title='bbox 426 1566 643 1601; x_wconf 88' lang='lat' dir='ltr'><strong>Telemacho</strong></span> <span class='ocrx_word' id='word_1_197' title='bbox 684 1561 906 1615; x_wconf 83' lang='lat'>(99—102)</span> <span class='ocrx_word' id='word_1_198' title='bbox 951 1568 1293 1610; x_wconf 88' lang='lat' dir='ltr'><strong>commemorentur,</strong></span> <span class='ocrx_word' id='word_1_199' title='bbox 1338 1566 1594 1602; x_wconf 86' lang='lat' dir='ltr'><strong>desideramus.</strong></span> 
     </span>
     <span class='ocr_line' id='line_1_24' title="bbox 235 1630 1592 1676; baseline 0 -11"><span class='ocrx_word' id='word_1_200' title='bbox 235 1631 436 1676; x_wconf 89' lang='lat' dir='ltr'><strong>Postquam</strong></span> <span class='ocrx_word' id='word_1_201' title='bbox 469 1630 733 1666; x_wconf 85' lang='lat' dir='ltr'><strong>demonstravit</strong></span> <span class='ocrx_word' id='word_1_202' title='bbox 759 1630 938 1675; x_wconf 91' lang='lat' dir='ltr'><strong>Penelope</strong></span> <span class='ocrx_word' id='word_1_203' title='bbox 973 1642 1010 1666; x_wconf 88' lang='lat' dir='ltr'><strong>se</strong></span> <span class='ocrx_word' id='word_1_204' title='bbox 1043 1632 1118 1665; x_wconf 86' lang='lat' dir='ltr'><strong>tres</strong></span> <span class='ocrx_word' id='word_1_205' title='bbox 1152 1642 1230 1666; x_wconf 87' lang='lat' dir='ltr'><strong>esse</strong></span> <span class='ocrx_word' id='word_1_206' title='bbox 1264 1630 1425 1666; x_wconf 89' lang='lat' dir='ltr'><strong>infirmos</strong></span> <span class='ocrx_word' id='word_1_207' title='bbox 1460 1630 1504 1665; x_wconf 86' lang='lat' dir='ltr'><strong>ad</strong></span> <span class='ocrx_word' id='word_1_208' title='bbox 1533 1631 1592 1666; x_wconf 86' lang='lat' dir='ltr'><strong>de-</strong></span> 
     </span>
     <span class='ocr_line' id='line_1_25' title="bbox 235 1694 1594 1741; baseline -0.001 -11"><span class='ocrx_word' id='word_1_209' title='bbox 235 1696 464 1741; x_wconf 88' lang='lat' dir='ltr'><strong>fendendum,</strong></span> <span class='ocrx_word' id='word_1_210' title='bbox 492 1696 626 1730; x_wconf 88' lang='lat' dir='ltr'><strong>iterum</strong></span> <span class='ocrx_word' id='word_1_211' title='bbox 654 1697 853 1740; x_wconf 88' lang='lat' dir='ltr'><strong>sequuntur</strong></span> <span class='ocrx_word' id='word_1_212' title='bbox 874 1706 1009 1740; x_wconf 88' lang='lat' dir='ltr'><strong>preces,</strong></span> <span class='ocrx_word' id='word_1_213' title='bbox 1038 1695 1170 1740; x_wconf 85' lang='lat' dir='ltr'><strong>quibus</strong></span> <span class='ocrx_word' id='word_1_214' title='bbox 1194 1697 1286 1741; x_wconf 87' lang='lat' dir='ltr'><strong>orat,</strong></span> <span class='ocrx_word' id='word_1_215' title='bbox 1311 1697 1353 1729; x_wconf 91' lang='lat' dir='ltr'><strong>ut</strong></span> <span class='ocrx_word' id='word_1_216' title='bbox 1374 1694 1470 1729; x_wconf 89' lang='lat' dir='ltr'><strong>filius</strong></span> <span class='ocrx_word' id='word_1_217' title='bbox 1493 1695 1594 1730; x_wconf 85' lang='lat' dir='ltr'><strong>vivat</strong></span> 
     </span>
     <span class='ocr_line' id='line_1_26' title="bbox 237 1750 1592 1805; baseline 0.001 -12"><span class='ocrx_word' id='word_1_218' title='bbox 237 1759 331 1794; x_wconf 86' lang='lat' dir='ltr'><strong>sicut</strong></span> <span class='ocrx_word' id='word_1_219' title='bbox 357 1761 443 1804; x_wconf 90' lang='lat'><strong>101,</strong></span> <span class='ocrx_word' id='word_1_220' title='bbox 461 1761 549 1805; x_wconf 82' lang='lat'><strong>102,</strong></span> <span class='ocrx_word' id='word_1_221' title='bbox 572 1761 609 1794; x_wconf 89' lang='lat' dir='ltr'><strong>et</strong></span> <span class='ocrx_word' id='word_1_222' title='bbox 631 1759 817 1805; x_wconf 86' lang='lat' dir='ltr'><strong>graviores</strong></span> <span class='ocrx_word' id='word_1_223' title='bbox 841 1759 1041 1794; x_wconf 85' lang='lat' dir='ltr'><strong>afferuntur</strong></span> <span class='ocrx_word' id='word_1_224' title='bbox 1063 1770 1203 1804; x_wconf 86' lang='lat' dir='ltr'><strong>causae,</strong></span> <span class='ocrx_word' id='word_1_225' title='bbox 1229 1770 1292 1794; x_wconf 91' lang='lat' dir='ltr'><strong>cur</strong></span> <span class='ocrx_word' id='word_1_226' title='bbox 1313 1759 1431 1793; x_wconf 89' lang='lat' dir='ltr'><strong>Ulixis</strong></span> <span class='ocrx_word' id='word_1_227' title='bbox 1454 1750 1592 1794; x_wconf 75' lang='lat' dir='ltr'><strong>reditus</strong></span> 
     </span>
     <span class='ocr_line' id='line_1_27' title="bbox 192 1817 1593 1870; baseline 0 -13"><span class='ocrx_word' id='word_1_228' title='bbox 192 1846 194 1848; x_wconf 84' lang='lat'>·</span> <span class='ocrx_word' id='word_1_229' title='bbox 236 1823 469 1858; x_wconf 86' lang='lat' dir='ltr'><strong>vehementer</strong></span> <span class='ocrx_word' id='word_1_230' title='bbox 503 1822 728 1857; x_wconf 88' lang='lat' dir='ltr'><strong>desideretur</strong></span> <span class='ocrx_word' id='word_1_231' title='bbox 762 1817 856 1870; x_wconf 91' lang='lat'>(111</span> <span class='ocrx_word' id='word_1_232' title='bbox 883 1817 964 1870; x_wconf 87' lang='lat' dir='ltr'><strong>sq.).</strong></span> <span class='ocrx_word' id='word_1_233' title='bbox 1013 1821 1071 1856; x_wconf 92' lang='lat' dir='ltr'><strong>Ibi</strong></span> <span class='ocrx_word' id='word_1_234' title='bbox 1104 1822 1221 1867; x_wconf 87' lang='lat' dir='ltr'><strong>primo</strong></span> <span class='ocrx_word' id='word_1_235' title='bbox 1257 1822 1391 1856; x_wconf 89' lang='lat' dir='ltr'><strong>dicitur</strong></span> <span class='ocrx_word' id='word_1_236' title='bbox 1418 1822 1463 1856; x_wconf 90' lang='lat' dir='ltr'><strong>de</strong></span> <span class='ocrx_word' id='word_1_237' title='bbox 1492 1822 1593 1857; x_wconf 81' lang='lat' dir='ltr'><strong>&#39;Pele-</strong></span> 
     </span>
     <span class='ocr_line' id='line_1_28' title="bbox 236 1882 1592 1933; baseline 0.001 -11"><span class='ocrx_word' id='word_1_238' title='bbox 236 1888 374 1923; x_wconf 87' lang='lat' dir='ltr'><strong>macho.</strong></span> <span class='ocrx_word' id='word_1_239' title='bbox 420 1887 547 1923; x_wconf 85' lang='lat' dir='ltr'><strong>Nonne</strong></span> <span class='ocrx_word' id='word_1_240' title='bbox 565 1887 679 1933; x_wconf 87' lang='lat' dir='ltr'><strong>igitur</strong></span> <span class='ocrx_word' id='word_1_241' title='bbox 696 1887 754 1922; x_wconf 91' lang='lat' dir='ltr'><strong>his</strong></span> <span class='ocrx_word' id='word_1_242' title='bbox 771 1886 893 1922; x_wconf 85' lang='lat' dir='ltr'><strong>verbis</strong></span> <span class='ocrx_word' id='word_1_243' title='bbox 910 1882 980 1921; x_wconf 67' lang='lat' dir='ltr'><strong>‘est</strong></span> <span class='ocrx_word' id='word_1_244' title='bbox 996 1886 1066 1921; x_wconf 90' lang='lat' dir='ltr'><strong>tibi</strong></span> <span class='ocrx_word' id='word_1_245' title='bbox 1085 1886 1212 1932; x_wconf 88' lang='lat' dir='ltr'><strong>sitque,</strong></span> <span class='ocrx_word' id='word_1_246' title='bbox 1235 1897 1372 1932; x_wconf 87' lang='lat' dir='ltr'><strong>precor,</strong></span> <span class='ocrx_word' id='word_1_247' title='bbox 1389 1888 1497 1922; x_wconf 89' lang='lat' dir='ltr'><strong>natus</strong></span> <span class='ocrx_word' id='word_1_248' title='bbox 1514 1914 1524 1923; x_wconf 86' lang='lat'><strong>.</strong></span> <span class='ocrx_word' id='word_1_249' title='bbox 1542 1915 1550 1923; x_wconf 91' lang='lat'><strong>.</strong></span> <span class='ocrx_word' id='word_1_250' title='bbox 1570 1883 1592 1922; x_wconf 93' lang='lat'><strong>.&#39;</strong></span> 
     </span>
     <span class='ocr_line' id='line_1_29' title="bbox 237 1947 1592 2000; baseline -0.001 -14"><span class='ocrx_word' id='word_1_251' title='bbox 237 1947 352 2000; x_wconf 87' lang='lat'>(111)</span> <span class='ocrx_word' id='word_1_252' title='bbox 380 1950 595 1996; x_wconf 87' lang='lat' dir='ltr'><strong>praecedere</strong></span> <span class='ocrx_word' id='word_1_253' title='bbox 619 1962 707 1995; x_wconf 91' lang='lat' dir='ltr'><strong>opus</strong></span> <span class='ocrx_word' id='word_1_254' title='bbox 736 1953 802 1994; x_wconf 88' lang='lat' dir='ltr'><strong>est,</strong></span> <span class='ocrx_word' id='word_1_255' title='bbox 832 1962 904 1995; x_wconf 88' lang='lat' dir='ltr'><strong>qua</strong></span> <span class='ocrx_word' id='word_1_256' title='bbox 926 1949 970 1984; x_wconf 89' lang='lat' dir='ltr'><strong>de</strong></span> <span class='ocrx_word' id='word_1_257' title='bbox 994 1956 1102 1984; x_wconf 83' lang='lat' dir='ltr'><strong>causa</strong></span> <span class='ocrx_word' id='word_1_258' title='bbox 1124 1950 1176 1984; x_wconf 89' lang='lat' dir='ltr'><strong>ita</strong></span> <span class='ocrx_word' id='word_1_259' title='bbox 1198 1950 1368 1995; x_wconf 91' lang='lat' dir='ltr'><strong>loquatur</strong></span> <span class='ocrx_word' id='word_1_260' title='bbox 1390 1950 1592 1996; x_wconf 82' lang='lat' dir='ltr'><strong>Penelope?</strong></span> 
     </span>
     <span class='ocr_line' id='line_1_30' title="bbox 236 2007 1592 2061; baseline -0.001 -11"><span class='ocrx_word' id='word_1_261' title='bbox 236 2015 315 2050; x_wconf 87' lang='lat' dir='ltr'><strong>Iam</strong></span> <span class='ocrx_word' id='word_1_262' title='bbox 343 2026 429 2051; x_wconf 87' lang='lat' dir='ltr'><strong>vero</strong></span> <span class='ocrx_word' id='word_1_263' title='bbox 458 2014 638 2049; x_wconf 85' lang='lat' dir='ltr'><strong>distichon</strong></span> <span class='ocrx_word' id='word_1_264' title='bbox 669 2015 799 2061; x_wconf 76' lang='lat' dir='ltr'><strong>107s8,</strong></span> <span class='ocrx_word' id='word_1_265' title='bbox 834 2007 934 2060; x_wconf 87' lang='lat' dir='ltr'><strong>quod</strong></span> <span class='ocrx_word' id='word_1_266' title='bbox 963 2013 1208 2049; x_wconf 88' lang='lat' dir='ltr'><strong>circumscribi</strong></span> <span class='ocrx_word' id='word_1_267' title='bbox 1241 2014 1319 2050; x_wconf 87' lang='lat' dir='ltr'><strong>vult</strong></span> <span class='ocrx_word' id='word_1_268' title='bbox 1347 2013 1592 2060; x_wconf 86' lang='lat' dir='ltr'><strong>Schenkelius,</strong></span> 
     </span>
     <span class='ocr_line' id='line_1_31' title="bbox 237 2078 1593 2123; baseline 0 -10"><span class='ocrx_word' id='word_1_269' title='bbox 237 2080 438 2114; x_wconf 88' lang='lat' dir='ltr'><strong>orationem</strong></span> <span class='ocrx_word' id='word_1_270' title='bbox 461 2078 705 2122; x_wconf 89' lang='lat' dir='ltr'><strong>interrumpit.</strong></span> <span class='ocrx_word' id='word_1_271' title='bbox 751 2078 844 2112; x_wconf 88' lang='lat' dir='ltr'><strong>Nam</strong></span> <span class='ocrx_word' id='word_1_272' title='bbox 866 2078 983 2122; x_wconf 87' lang='lat' dir='ltr'><strong>primo</strong></span> <span class='ocrx_word' id='word_1_273' title='bbox 1007 2078 1135 2112; x_wconf 90' lang='lat' dir='ltr'><strong>obtutu</strong></span> <span class='ocrx_word' id='word_1_274' title='bbox 1160 2080 1311 2123; x_wconf 85' lang='lat' dir='ltr'><strong>apparet</strong></span> <span class='ocrx_word' id='word_1_275' title='bbox 1332 2078 1371 2113; x_wconf 91' lang='lat' dir='ltr'><strong>in</strong></span> <span class='ocrx_word' id='word_1_276' title='bbox 1393 2079 1460 2113; x_wconf 92' lang='lat' dir='ltr'><strong>hoc</strong></span> <span class='ocrx_word' id='word_1_277' title='bbox 1483 2079 1593 2113; x_wconf 85' lang='lat' dir='ltr'><strong>aliam</strong></span> 
     </span>
    </p>
   </div>
   <div class='ocr_carea' id='block_1_5' title="bbox 239 2162 496 2166">
    <p class='ocr_par' dir='ltr' id='par_1_6' title="bbox 239 2162 496 2166">
     <span class='ocr_line' id='line_1_32' title="bbox 239 2162 496 2166; baseline 0 0"><span class='ocrx_word' id='word_1_278' title='bbox 239 2162 496 2166; x_wconf 95' lang='lat' dir='ltr'><strong> </strong></span> 
     </span>
    </p>
   </div>
   <div class='ocr_carea' id='block_1_6' title="bbox 324 2199 1592 2243">
    <p class='ocr_par' dir='ltr' id='par_1_7' title="bbox 324 2199 1592 2243">
     <span class='ocr_line' id='line_1_33' title="bbox 324 2199 1592 2243; baseline 0 -9"><span class='ocrx_word' id='word_1_279' title='bbox 324 2203 356 2243; x_wconf 94' lang='lat'><strong>1)</strong></span> <span class='ocrx_word' id='word_1_280' title='bbox 380 2201 657 2234; x_wconf 84' lang='lat' dir='ltr'><strong>Coniecturarum</strong></span> <span class='ocrx_word' id='word_1_281' title='bbox 682 2211 767 2241; x_wconf 86' lang='lat' dir='ltr'><strong>quac</strong></span> <span class='ocrx_word' id='word_1_282' title='bbox 790 2200 985 2242; x_wconf 84' lang='lat' dir='ltr'><strong>propositae</strong></span> <span class='ocrx_word' id='word_1_283' title='bbox 1008 2202 1086 2233; x_wconf 88' lang='lat' dir='ltr'><strong>sunt</strong></span> <span class='ocrx_word' id='word_1_284' title='bbox 1107 2199 1259 2242; x_wconf 85' lang='lat' dir='ltr'><strong>Lennepi</strong></span> <span class='ocrx_word' id='word_1_285' title='bbox 1278 2200 1383 2241; x_wconf 80' lang='lat' dir='ltr'><strong>‘hue’‚</strong></span> <span class='ocrx_word' id='word_1_286' title='bbox 1406 2199 1498 2241; x_wconf 84' lang='lat' dir='ltr'><strong>quod</strong></span> <span class='ocrx_word' id='word_1_287' title='bbox 1516 2211 1592 2234; x_wconf 90' lang='lat' dir='ltr'><strong>cum</strong></span> 
     </span>
    </p>
   </div>
   <div class='ocr_carea' id='block_1_7' title="bbox 170 2253 1592 2296">
    <p class='ocr_par' dir='ltr' id='par_1_8' title="bbox 170 2253 1592 2296">
     <span class='ocr_line' id='line_1_34' title="bbox 170 2253 1592 2296; baseline -0.001 -9"><span class='ocrx_word' id='word_1_288' title='bbox 170 2255 177 2259; x_wconf 70' lang='grc'><em>“</em></span> <span class='ocrx_word' id='word_1_289' title='bbox 236 2255 347 2287; x_wconf 86' lang='lat' dir='ltr'><strong>verbis</strong></span> <span class='ocrx_word' id='word_1_290' title='bbox 366 2253 467 2287; x_wconf 85' lang='lat' dir='ltr'><strong>eundi</strong></span> <span class='ocrx_word' id='word_1_291' title='bbox 486 2253 719 2294; x_wconf 85' lang='lat' dir='ltr'><strong>similibusque</strong></span> <span class='ocrx_word' id='word_1_292' title='bbox 736 2255 806 2286; x_wconf 85' lang='lat' dir='ltr'><strong>fere</strong></span> <span class='ocrx_word' id='word_1_293' title='bbox 826 2254 1060 2295; x_wconf 87' lang='lat' dir='ltr'><strong>coniungatur,</strong></span> <span class='ocrx_word' id='word_1_294' title='bbox 1077 2264 1145 2286; x_wconf 88' lang='lat' dir='ltr'><strong>non</strong></span> <span class='ocrx_word' id='word_1_295' title='bbox 1164 2255 1217 2286; x_wconf 91' lang='lat' dir='ltr'><strong>est</strong></span> <span class='ocrx_word' id='word_1_296' title='bbox 1227 2253 1447 2295; x_wconf 87' lang='lat' dir='ltr'><strong>probandum.</strong></span> <span class='ocrx_word' id='word_1_297' title='bbox 1472 2253 1592 2296; x_wconf 79' lang='lat' dir='ltr'><strong>Utrum</strong></span> 
     </span>
    </p>
   </div>
   <div class='ocr_carea' id='block_1_8' title="bbox 235 2305 1599 2506">
    <p class='ocr_par' dir='ltr' id='par_1_9' title="bbox 235 2305 1599 2506">
     <span class='ocr_line' id='line_1_35' title="bbox 236 2305 1591 2356; baseline -0.002 -16"><span class='ocrx_word' id='word_1_298' title='bbox 236 2309 350 2340; x_wconf 87' lang='lat' dir='ltr'><strong>autem</strong></span> <span class='ocrx_word' id='word_1_299' title='bbox 374 2306 518 2339; x_wconf 87' lang='lat' dir='ltr'><strong>Merkeli</strong></span> <span class='ocrx_word' id='word_1_300' title='bbox 543 2307 648 2339; x_wconf 86' lang='lat' dir='ltr'><strong>‘hinc’</strong></span> <span class='ocrx_word' id='word_1_301' title='bbox 674 2316 716 2339; x_wconf 85' lang='lat' dir='ltr'><strong>an</strong></span> <span class='ocrx_word' id='word_1_302' title='bbox 738 2307 886 2339; x_wconf 88' lang='lat' dir='ltr'><strong>Palmeri</strong></span> <span class='ocrx_word' id='word_1_303' title='bbox 911 2307 1002 2339; x_wconf 84' lang='lat' dir='ltr'><strong>‘hac&#39;</strong></span> <span class='ocrx_word' id='word_1_304' title='bbox 1029 2308 1088 2356; x_wconf 82' lang='lat' dir='ltr'><strong>(sc.</strong></span> <span class='ocrx_word' id='word_1_305' title='bbox 1105 2308 1215 2349; x_wconf 84' lang='lat' dir='ltr'><strong>parte)</strong></span> <span class='ocrx_word' id='word_1_306' title='bbox 1233 2306 1345 2348; x_wconf 86' lang='lat' dir='ltr'><strong>potius</strong></span> <span class='ocrx_word' id='word_1_307' title='bbox 1363 2305 1591 2347; x_wconf 88' lang='lat' dir='ltr'><strong>recipiendum</strong></span> 
     </span>
     <span class='ocr_line' id='line_1_36' title="bbox 236 2359 1591 2402; baseline 0 -10"><span class='ocrx_word' id='word_1_308' title='bbox 236 2361 295 2401; x_wconf 85' lang='lat' dir='ltr'><strong>sit,</strong></span> <span class='ocrx_word' id='word_1_309' title='bbox 323 2360 461 2393; x_wconf 82' lang='lat' dir='ltr'><strong>dubium</strong></span> <span class='ocrx_word' id='word_1_310' title='bbox 495 2370 569 2394; x_wconf 86' lang='lat' dir='ltr'><strong>esse</strong></span> <span class='ocrx_word' id='word_1_311' title='bbox 591 2361 714 2402; x_wconf 82' lang='lat' dir='ltr'><strong>potest.</strong></span> <span class='ocrx_word' id='word_1_312' title='bbox 760 2360 911 2401; x_wconf 87' lang='lat' dir='ltr'><strong>Utraque</strong></span> <span class='ocrx_word' id='word_1_313' title='bbox 934 2359 1044 2393; x_wconf 84' lang='lat' dir='ltr'><strong>facilis</strong></span> <span class='ocrx_word' id='word_1_314' title='bbox 1069 2361 1122 2392; x_wconf 86' lang='lat' dir='ltr'><strong>est</strong></span> <span class='ocrx_word' id='word_1_315' title='bbox 1151 2359 1345 2392; x_wconf 86' lang='lat' dir='ltr'><strong>coniectura</strong></span> <span class='ocrx_word' id='word_1_316' title='bbox 1367 2359 1591 2401; x_wconf 87' lang='lat' dir='ltr'><strong>convenitque</strong></span> 
     </span>
     <span class='ocr_line' id='line_1_37' title="bbox 235 2410 1599 2456; baseline -0.001 -9"><span class='ocrx_word' id='word_1_317' title='bbox 235 2414 439 2453; x_wconf 79' lang='lat' dir='ltr'><strong>sententiae3</strong></span> <span class='ocrx_word' id='word_1_318' title='bbox 476 2413 633 2446; x_wconf 82' lang='lat' dir='ltr'><strong>‘faciunt’</strong></span> <span class='ocrx_word' id='word_1_319' title='bbox 668 2415 781 2446; x_wconf 85' lang='lat' dir='ltr'><strong>autem</strong></span> <span class='ocrx_word' id='word_1_320' title='bbox 812 2414 932 2447; x_wconf 89' lang='lat' dir='ltr'><strong>eodem</strong></span> <span class='ocrx_word' id='word_1_321' title='bbox 966 2414 1146 2456; x_wconf 88' lang='lat' dir='ltr'><strong>usurpatur</strong></span> <span class='ocrx_word' id='word_1_322' title='bbox 1174 2423 1288 2454; x_wconf 87' lang='lat' dir='ltr'><strong>sensu,</strong></span> <span class='ocrx_word' id='word_1_323' title='bbox 1321 2414 1423 2454; x_wconf 86' lang='lat' dir='ltr'><strong>atque</strong></span> <span class='ocrx_word' id='word_1_324' title='bbox 1451 2410 1599 2455; x_wconf 70' lang='lat' dir='ltr'><strong>praebet‘</strong></span> 
     </span>
     <span class='ocr_line' id='line_1_38' title="bbox 236 2467 486 2506; baseline -0.008 -6"><span class='ocrx_word' id='word_1_325' title='bbox 236 2477 265 2500; x_wconf 87' lang='lat' dir='ltr'><strong>a.</strong></span> <span class='ocrx_word' id='word_1_326' title='bbox 283 2477 313 2500; x_wconf 86' lang='lat' dir='ltr'><strong>a.</strong></span> <span class='ocrx_word' id='word_1_327' title='bbox 332 2467 390 2506; x_wconf 85' lang='lat'><strong>111,</strong></span> <span class='ocrx_word' id='word_1_328' title='bbox 415 2470 486 2499; x_wconf 79' lang='grc'>762.</span> 
     </span>
    </p>
   </div>
  </div>
 </body>
</html>
