1745 2813
754 118 1011 164 2-5'24..

202 227 338 269 duntur
365 234 488 270 autem
516 242 588 269 una
615 233 815 280 primarum
843 234 1041 270 editionum
1068 234 1296 271 auctoritate.
1346 235 1442 271 Nam
1469 228 1557 272 vin‘·

202 299 445 334 dobonensem
474 299 635 334 codicem
664 311 692 336 s.
720 299 798 344 XV,
826 300 889 344 qui
917 311 978 335 eos
1005 311 1134 335 versus
1159 300 1286 344 habet,
1313 300 1449 335 nullius
1476 312 1558 336 auc-

201 362 361 399 toritatis
396 373 474 399 esse
507 364 650 400 constat
684 366 722 399 et
755 363 999 410 fragmentum
1033 358 1350 413 Seidlorianum1),
1382 363 1488 409 plane
1510 365 1559 400 rut

201 427 449 473 fragmentum
477 427 702 472 Paullinum,
738 428 870 463 codicis
909 428 1059 463 alicuius
1099 429 1401 474 complementum
1437 429 1557 474 poste-

201 490 296 526 riore
324 491 461 527 factum
488 492 610 527 aetate
638 491 751 528 fuisse
778 492 933 528 videtur.
984 492 1157 528 Excidere
1184 494 1382 538 potuerunt
1408 491 1558 527 eandem

206 556 253 591 ob
281 567 358 591 rem
387 557 496 601 atque
524 556 573 601 II,
605 557 665 601 18,
698 558 745 592 19
775 556 971 602 eademque
1000 557 1140 594 ratione
1169 558 1317 594 servari.

311 629 494 664 Genuinos
522 640 609 666 vero
637 630 766 665 haberi
794 641 855 665 eos
882 641 1019 675 versuS,
1048 630 1110 675 qui
1136 633 1221 676 post
1246 631 1328 676 VII,
1354 632 1401 667 95
1431 631 1558 666 inserti

202 695 287 728 sunt
319 693 357 728 in
393 693 469 730 cod.
500 693 697 730 Trevirano
726 690 771 741 (s.
799 688 907 742 XIII)
937 693 1093 739 ¹aliisque
1125 694 1206 740 ipsa
1238 706 1329 740 quae
1362 694 1414 730 ibi
1448 694 1557 731 adno-
1627 736 1630 738 v

202 759 329 792 tantur
355 757 470 792 verba
498 754 575 792 ‘sed
602 769 675 792 non
703 759 788 792 sunt
815 757 859 792 de
887 754 1006 803 libro',
1035 760 1169 794 vetant.
1224 758 1350 804 Neque
1376 759 1430 794 ibi
1457 759 1559 794 deest

201 821 414 867 quidquam,
454 821 524 856 nisi
563 833 647 866 vox,
687 820 734 856 ad
773 831 882 867 quam
921 821 1149 858 referendum
1189 821 1237 858 sit
1270 818 1331 857 ‘ad
1364 834 1453 869 quas
1487 818 1555 858 eo’.

204 895 365 941 Cumque
399 896 513 935 totius
547 897 616 931 loci
652 887 833 931 sententia
865 896 1088 937 demonstret
1121 896 1166 932 de
1199 898 1316 932 eundo
1350 898 1396 932 ad
1423 897 1557 933 inferos

208 971 409 995 sermonem
434 971 524 1005 esse,
547 960 701 994 Merkeli
717 960 808 994 illud
825 961 1012 997 inventum
1031 957 1265 1006 ‘umbraeque
1282 957 1449 1005 Sychaei'
1469 961 1557 996 satis

205 1024 405 1068 probabilis
433 1026 489 1059 est
516 1024 733 1060 coniectura.

837 1162 915 1207 §4

310 1248 409 1291 Quae
427 1248 582 1284 tractavi
604 1247 758 1284 disticha
779 1250 904 1283 utrum
925 1248 1083 1294 genuina
1105 1248 1179 1284 sint
1200 1259 1320 1294 necne,
1343 1250 1381 1284 et
1401 1250 1556 1285 multum

201 1313 441 1348 dubitationis
464 1312 681 1358 relinquitur
702 1323 828 1357 neque,
851 1312 1021 1357 quoniam
1044 1312 1187 1358 singula
1207 1323 1250 1348 ac
1265 1323 1445 1357 perpauca
1462 1317 1556 1358 sunt,

204 1377 360 1412 multum
400 1377 568 1412 interest:
613 1377 743 1422 agetur
780 1386 873 1410 nunc
912 1375 956 1410 de
995 1386 1104 1412 causa
1142 1375 1286 1411 maiore.
1354 1376 1556 1422 Quaeritur,

202 1443 326 1476 utrum
353 1452 479 1477 versus
509 1439 661 1476 CCCXL
690 1436 762 1487 (ep.
790 1435 866 1485 XX,
893 1441 1074 1476 13—-248
1105 1443 1143 1476 et
1170 1452 1225 1486 ep.
1252 1440 1330 1486 XV,
1354 1438 1556 1488 39—142)

201 1505 334 1540 litteris
362 1505 485 1540 latinis
514 1505 588 1540 sint
615 1504 790 1549 eripiendi
817 1515 864 1539 an
892 1515 977 1540 vero
1000 1497 1225 1550 relinqu-endi
1247 1505 1306 1541 vel
1328 1505 1553 1542 restituendi.

200 1570 250 1604 Et
289 1569 467 1615 siquidem
506 1568 654 1614 respicis
694 1579 772 1613 eos,
812 1568 874 1614 qui
913 1569 956 1604 de
995 1568 1062 1603 hac
1096 1569 1305 1614 quaestione
1343 1580 1438 1604 nunc
1470 1569 1557 1604 data

202 1645 312 1679 opera
345 1636 399 1678 et,
434 1635 476 1668 ut
509 1632 653 1667 credere
686 1644 754 1678 par
786 1634 858 1677 est,
898 1644 937 1667 re
976 1633 1177 1678 perquisita
1215 1633 1391 1679 iudicant,
1428 1634 1488 1669 vel
1526 1633 1557 1669 si

200 1698 231 1732 is
269 1709 323 1742 es,
368 1696 426 1732 cui
464 1696 627 1741 imponat
670 1696 867 1731 auctoritas
906 1695 1067 1731 virorum
1109 1697 1294 1742 gravium,
1334 1696 1556 1732 Lachmanni

203 1762 282 1798 dico
311 1763 350 1797 et
371 1760 537 1806 Merkeli,
565 1760 672 1796 facile
700 1761 830 1796 horum
857 1772 1028 1797 versuum
1056 1761 1237 1807 perditam
1264 1761 1373 1797 ducas
1400 1773 1556 1798 causam.

200 1826 346 1862 Etenim
372 1826 433 1861 ille
457 1826 618 1872 ineptam
641 1825 934 1871 superstitionem
957 1827 1063 1861 vocat
1085 1828 1123 1861 et
1144 1825 1433 1870 inexcusabilem,
1462 1826 1557 1871 quod

202 1904 263 1928 eos
293 1877 421 1928 versus
449 1890 577 1926 eiicere
604 1890 723 1926 nolint
751 1890 917 1936 editores,
945 1888 1003 1925 hic
1030 1891 1113 1926 illos
1138 1889 1276 1936 primus
1302 1903 1348 1926 ne
1376 1890 1557 1926 inclinatis

201 1955 347 2002 quidem
374 1949 509 1990 litteris
537 1955 576 1989 in
604 1953 762 1989 editione
792 1965 858 1989 sua
884 1954 1057 1999 praebere
1085 1955 1216 1999 voluit,
1250 1966 1320 2000 quo
1348 1954 1492 2000 quidem
1519 1955 1557 1989 in

200 2019 335 2055 honore
371 2017 500 2054 habuit
534 2017 701 2062 Sapphus
734 2017 937 2063 epistulam.
1000 2016 1182 2053 Conflatos
1215 2019 1338 2053 autem
1378 2029 1440 2053 eos
1478 2029 1557 2053 esse

201 2085 333 2129 putant
360 2081 538 2118 Italorum
566 2082 694 2117 fraude
722 2081 790 2117 XV
817 2081 963 2118 demum
991 2083 1149 2128 saeculo,
1176 2082 1277 2118 cuiue
1305 2081 1449 2128 quidem
1478 2093 1556 2117 sen-

289 2217 320 2258 1)
350 2215 426 2248 Hoc
457 2214 594 2257 quidem
623 2213 851 2257 fragmentum
879 2226 968 2248 nunc
999 2214 1230 2257 deperditum,
1264 2215 1354 2256 quod
1382 2214 1441 2248 ubi
1474 2215 1556 2248 olim

199 2270 317 2311 fuerit,
347 2279 390 2301 ne
414 2268 572 2301 concludi
594 2268 730 2310 quidem
752 2269 835 2302 licet
857 2280 875 2302 e
897 2269 1000 2302 Jahni
1021 2269 1135 2303 verbis
1159 2268 1253 2310 (edit.
1276 2269 1302 2309 Ι,
1325 2279 1357 2310 p.
1382 2268 1459 2310 XI),
1485 2270 1555 2302 tale

200 2323 302 2356 fuisse
321 2323 606 2365 complementum
623 2322 702 2355 iude
716 2322 835 2364 colligi
845 2324 972 2364 potest,
990 2322 1082 2364 quod
1094 2323 1131 2354 et
1143 2321 1227 2354 duas
1238 2322 1370 2354 tantum
1382 2322 1554 2364 epistulas,

201 2376 279 2409 VIII
308 2378 343 2409 et
370 2376 543 2419 Sapphus,
573 2376 786 2418 complexum
815 2378 883 2418 est,
912 2378 947 2409 et
973 2376 1061 2409 nihil
1088 2376 1159 2408 fere
1187 2374 1355 2417 scriptura
1377 2375 1490 2409 differt
1511 2377 1554 2409 ab

199 2430 282 2471 ipsis
307 2429 427 2472 primis
452 2429 659 2463 editionibus
681 2431 818 2471 praeter
840 2430 1054 2463 coniecturae
1077 2429 1162 2462 viles
1192 2430 1358 2470 pluraque
1387 2429 1555 2462 scribendi

200 2483 294 2515 vitia.
321 2502 359 2507 —
383 2482 433 2515 De
456 2482 647 2523 fragmento
670 2481 827 2515 Paullino
850 2483 938 2515 infra
959 2482 1160 2515 videbimus
