1745 2813
727 153 984 193 ..61-

180 264 362 302 adhibitos
397 275 485 302 esse.
513 284 565 291 --
594 265 729 300 Extant
763 266 951 310 praeterea
988 265 1076 300 folia
1109 266 1286 312 solivaga,
1325 276 1419 310 quae
1450 264 1533 299 illos

183 331 278 367 solos
305 341 432 367 versus
467 329 765 375 complectuntur.
818 326 887 365 Est
913 329 1156 375 fragmentum
1183 329 1405 374 Paullinum,
1439 329 1535 374 quod

180 394 322 439 dicitur,
351 393 447 440 quod
475 393 561 428 olim
588 392 660 428 fuit
680 392 719 428 in
741 392 957 429 bibliotheca
978 392 1181 428 academiae
1203 392 1412 439 Lipsiensis,
1439 404 1534 427 nunc

181 461 305 495 autem
354 457 509 494 inveniri
556 458 631 493 iam
674 469 746 493 non
790 456 910 503 potuit
955 452 1015 505 (cf.
1064 456 1274 503 Sedlmayer
1318 458 1408 502 prol.
1454 457 1534 493 crit.

180 535 215 568 p.
234 524 285 557 24
297 517 378 570 sq.).
421 520 466 556 Id
493 521 635 567 quando
663 517 852 556 exaratum
879 520 936 566 sit,
963 521 1141 555 nescimus
1170 522 1278 565 atque
1305 531 1350 554 ne
1378 520 1532 555 Jahnius

183 585 343 633 quidem,
377 585 440 632 qui
467 585 565 622 solus
593 585 763 632 contulit,
796 584 991 631 quidquam
1019 584 1062 620 de
1092 595 1135 620 ea
1161 596 1200 620 re
1233 584 1321 620 dicit
1343 579 1403 633 (cf.
1426 583 1536 619 Jahni

181 650 266 686 edit.
289 651 360 686 vol.
383 649 421 685 H
441 662 476 695 p.
499 650 586 686 XVI
613 652 651 686 et
676 662 711 695 p.
731 652 805 685 127
824 646 928 697 not).

288 714 340 750 At
366 725 494 760 reapse
520 714 609 751 folia
635 714 702 750 illa
727 725 773 750 ne
800 712 892 760 pars*
913 701 1058 759 quidem
1086 712 1217 749 codicis
1245 712 1396 748 alicuius
1424 711 1535 748 fuisse

181 778 360 815 videntur.
419 779 512 814 Nam
552 780 748 815 lectionum
780 778 1059 824 discrepantiae,
1098 789 1189 823 quae
1224 780 1309 812 sunt
1341 777 1437 812 inter
1469 778 1535 812 hoc

180 843 425 890 fragmentum
457 845 495 880 et
523 844 697 880 editiones
726 843 878 890 primas,
910 854 983 878 non
1010 854 1074 878 eae
1103 844 1203 888 sunt,
1236 854 1327 888 quae
1354 853 1427 877 non
1454 853 1536 877 con-

182 908 328 944 iecturis
346 911 410 944 aut
426 909 524 944 facili
541 909 726 954 scriptoris
743 920 864 943 errore
877 910 977 944 ortae
996 919 1075 943 esse
1095 907 1281 953 potuerint
1290 903 1330 955 ¹).
1360 906 1535 941 Maiorem

185 983 270 1019 ergo
294 972 460 1009 veritatis
484 973 636 1019 speciem
659 974 821 1019 praebet,
849 972 1086 1018 transcriptos
1110 983 1188 1008 esse
1215 983 1341 1008 versus
1369 971 1452 1006 illos
1479 970 1538 1006 vel

183 1050 225 1072 ex
259 1037 330 1072 alio
365 1037 483 1072 codice
511 1038 570 1073 vel
597 1038 752 1073 fortasse
780 1050 823 1073 ex
850 1037 1005 1072 editione
1034 1037 1156 1081 aliqua
1187 1048 1211 1071 a
1244 1036 1348 1071 docto
1381 1035 1536 1080 quodam

182 1100 337 1146 homine,
361 1101 423 1147 qui
440 1112 544 1140 suum
561 1101 675 1147 ipsius
692 1101 885 1147 exemplar,
901 1101 940 1135 in
956 1112 1026 1146 quo
1044 1100 1204 1146 deerant,
1221 1100 1334 1136 vellet
1344 1100 1534 1145 complere.

294 1166 414 1211 Atque
442 1177 524 1202 cum
552 1166 727 1202 editiones
755 1177 895 1211 quoque
924 1167 961 1201 et
988 1165 1099 1200 codex
1126 1165 1314 1200 Palatinus
1341 1164 1433 1199 nihil
1460 1164 1536 1199 fere

181 1231 360 1276 scriptura
387 1231 566 1275 differant,
593 1242 686 1266 unus
714 1230 824 1265 codex
851 1230 963 1265 fuisse
984 1230 1138 1276 videtur,
1168 1241 1186 1264 e
1209 1241 1279 1275 quo
1302 1240 1425 1265 omnes
1448 1229 1534 1264 libri

183 1295 237 1329 illi
266 1295 454 1340 fluxerunt,
483 1295 590 1340 idem,
618 1305 724 1340 quem
752 1293 917 1329 adhibuit
944 1294 1061 1329 editor
1088 1289 1341 1341 Parmensis2).

289 1359 331 1393 In
357 1359 477 1393 codice
505 1358 689 1393 Puteaneo
717 1359 812 1393 teste
839 1358 1000 1392 Merkelo
1020 1353 1079 1404 (cf.
1097 1357 1181 1393 edit.
1204 1370 1238 1402 p.
1255 1354 1323 1404 IX)
1346 1359 1430 1402 post
1451 1368 1530 1392 ver-

182 1434 261 1457 sum
289 1422 366 1468 XV,
391 1424 440 1458 38
469 1422 639 1457 indicium
668 1421 814 1467 aliquod
841 1423 1035 1466 comparet.
1087 1422 1157 1457 Sed
1184 1433 1265 1456 cum
1292 1432 1364 1456 non
1390 1423 1532 1456 constet

182 1486 273 1520 illud
300 1487 346 1521 ab
369 1486 495 1521 eadem
516 1497 625 1521 manu
648 1496 739 1531 esse,
766 1496 857 1530 quae
880 1485 1015 1520 relicua
1037 1484 1189 1530 scripsit,
1217 1496 1261 1520 ne
1285 1485 1367 1519 huic
1389 1484 1530 1529 quidem

183 1550 235 1585 rei
262 1550 413 1585 nimium
441 1550 654 1586 tribuamus.

288 1610 460 1651 Codicum
481 1615 596 1661 igitur
617 1615 811 1650 auctoritas
834 1615 935 1649 nulla
957 1616 1022 1650 est.
1039 1633 1082 1639 ——
1099 1614 1171 1649 Sed
1192 1614 1389 1659 videamus,
1408 1616 1530 1649 utrum

180 1679 324 1714 interna
344 1679 475 1714 indicia
492 1690 618 1715 versus
634 1679 717 1713 illos
735 1678 817 1713 CIV
834 1679 975 1723 spurios
993 1690 1071 1713 esse
1087 1680 1269 1713 testentur
1285 1690 1333 1713 an
1347 1678 1531 1723 genuinos.

288 1741 357 1784 Qui
385 1754 446 1778 eos
475 1743 616 1788 spurios
645 1743 682 1778 et
708 1742 826 1777 medio
855 1742 999 1777 demum
1027 1753 1115 1778 aevo
1142 1743 1201 1778 vel
1230 1754 1257 1778 s.
1284 1741 1352 1777 XV
1378 1742 1531 1778 insertos

181 1818 259 1842 esse
282 1805 522 1852 sumpserunt,
549 1807 601 1842 eis
623 1807 690 1841 hoc
716 1806 873 1850 primum
900 1806 1218 1842 demonstrandum
1245 1808 1334 1851 erat,
1362 1817 1425 1841 cur
1451 1808 1530 1841 tan-

180 1870 261 1906 dem
284 1871 409 1907 doctus
433 1870 561 1916 aliquis
583 1870 690 1906 homo
712 1870 878 1905 inciderit
898 1870 938 1905 in
958 1870 1060 1906 illam
1081 1870 1405 1916 interpolationem,
1430 1870 1530 1906 cuius

181 1935 308 1970 similis
341 1936 379 1970 in
411 1935 539 1971 ceteris
574 1935 738 1980 epistulis
767 1933 952 1970 Ovidianis
984 1947 1056 1970 non
1089 1936 1280 1972 invenitur.
1335 1936 1388 1969 Ex
1417 1934 1530 1969 Riesii

180 2009 373 2044 eorumque
401 1999 463 2044 qui
490 1998 611 2034 delent
637 2010 764 2035 versus
787 1999 977 2045 sententia,
1005 2011 1235 2045 quaecunque
1257 1998 1330 2034 illis
1352 1998 1528 2044 dicuntur,

267 2090 299 2130 1)
322 2088 407 2121 Sunt
427 2090 492 2122 hae
508 2089 651 2121 maxime
669 2089 930 2130 discrepantiae:
956 2093 996 2122 70
1014 2090 1094 2122 edit.
1111 2090 1179 2122 vet.
1197 2100 1267 2122 uma
1284 2089 1383 2128 duas;
1405 2090 1529 2131 fragm.

124 2132 126 2134 V
180 2141 289 2175 Paull.
312 2142 391 2183 ipse.
437 2146 476 2175 91
501 2142 581 2175 edit.
604 2143 755 2185 recept03
783 2142 903 2184 fragm.
926 2142 1033 2175 Paull.
1057 2144 1194 2185 recepta
1215 2144 1282 2182 est;
1306 2146 1346 2175 93
1370 2143 1451 2176 edit.
1473 2154 1527 2175 me

183 2197 327 2237 στήμονος
355 2196 395 2227 fr.
417 2195 526 2229 Paull.
550 2206 604 2228 me
625 2197 765 2237 petico-03
795 2199 837 2228 99
860 2196 940 2228 edit.
965 2200 1001 2229 at
1022 2196 1121 2236 mihi;
1148 2196 1188 2229 fr.
1211 2196 1318 2228 Paull.
1342 2198 1398 2229 sed
1424 2197 1526 2236 mihi;

181 2253 243 2282 118
265 2248 347 2282 edit.
375 2248 534 2288 iubebam
557 2249 597 2281 fr.
620 2249 729 2282 Paull.
752 2249 890 2281 iubebat
912 2250 1000 2290 (cum
1023 2248 1136 2289 glossa
1159 2248 1335 2291 ‘Venus');
1362 2254 1422 2283 132
1446 2250 1529 2283 edit.

181 2302 483 2345 conspicuumque3
506 2302 547 2335 fr.
566 2302 675 2335 Paull.
687 2313 816 2344 123⁷·qu
841 2306 901 2335 134
919 2301 997 2335 edit.
1017 2302 1228 2343 caperentur3
1248 2302 1287 2336 fr.
1305 2303 1413 2337 Paull.
1430 2313 1528 2346 rape-

179 2357 313 2396 rentur;
338 2359 399 2389 136
423 2355 505 2387 edit.
527 2355 724 2395 intonuisse;
746 2356 787 2389 fr.
804 2355 849 2387 P.¹
865 2354 1053 2388 incaluisse.

266 2411 299 2451 2)
321 2409 509 2442 Defuerunt
529 2409 634 2451 igitur
655 2419 770 2441 versus
792 2408 942 2441 Kontadi
958 2408 1249 2449 wirceburgensis
1274 2410 1399 2451 aetate,
1421 2420 1530 2450 neque

179 2463 354 2504 probanda
375 2463 454 2494 sunt
477 2473 564 2503 quae
587 2462 672 2494 dicit
694 2462 884 2494 Bartsch:
907 2462 1001 2495 Albr.
1025 2473 1054 2494 v.
1078 2462 1295 2495 Halberstadt
1316 2474 1350 2495 u.
1378 2463 1463 2496 Ovid
1484 2466 1530 2497 im

180 2516 373 2549 Mittelalter
394 2527 427 2558 p.
445 2515 578 2548 XXVII.
