1745 2813
786 145 1047 183 —24—

241 255 338 302 quod
375 256 443 291 hoc
475 255 623 292 consilio
658 255 696 290 in
728 255 938 293 universum
975 255 1155 292 factorum
1191 255 1344 292 fortium
1379 255 1515 293 mentio
1553 255 1596 292 fit

241 331 275 355 v.
300 321 392 355 105:

440 380 472 419 ‘1
500 396 594 420 nunc
621 384 709 419 tolle
737 384 877 420 animos
905 385 943 420 et
969 383 1079 420 fortia
1105 385 1211 430 gesta
1237 380 1408 420 recense?

242 448 406 494 Denique
440 448 613 484 Lehrsius
648 448 817 483 servilem
846 448 1025 495 quandam
1059 448 1297 484 imitationem
1332 447 1499 484 Ovidiani
1526 449 1597 484 loci

243 512 330 549 Met.
341 512 404 558 IX,
426 513 499 548 176
519 524 570 558 sq.
588 499 715 548 adesse
734 512 872 548 statuit.
895 531 940 537 -—
962 512 1034 548 Sed
1050 512 1138 548 haec
1156 512 1276 548 omnia
1292 523 1364 548 non
1382 514 1467 548 sunt
1487 523 1594 558 argu-

242 578 365 613 menta
377 576 467 613 satis
477 576 592 623 firma,
610 578 648 613 et
659 588 740 612 cum
752 577 789 612 in
802 576 903 613 fonte
922 588 1063 623 quoque
1081 576 1187 613 huius
1207 576 1384 623 epistulae
1402 576 1529 612 similis
1547 576 1596 613 sit

243 641 408 676 laborum
436 642 697 687 Herculeorum
718 641 825 677 index
847 642 893 683 ab
917 642 1073 677 Hercule
1095 641 1174 686 ipso
1197 641 1304 676 datus
1326 637 1451 690 (Soph.
1469 641 1597 677 Trach.

246 706 528 752 1094—11023
557 705 601 741 cf.
630 705 713 741 Birt
739 705 778 741 in
805 706 897 741 Mus.
926 705 1039 740 Rhen.
1067 704 1216 750 XXXII,
1243 716 1279 750 p.
1307 701 1416 752 407),
1442 705 1595 741 maxime

244 769 393 803 dubium
423 769 583 815 videtur,
610 782 697 804 num
725 781 851 805 versus
879 770 962 804 illos
989 769 1028 818 in
1056 768 1296 814 suspicionem
1322 780 1451 804 vocare
1479 769 1597 805 liceat.

354 842 475 878 Minus
502 843 634 878 remoti
662 854 741 878 esse
769 854 791 877 a
820 842 1020 888 suspicione
1048 841 1218 878 videntur
1244 853 1382 888 versus,
1410 842 1472 889 qui
1493 853 1596 888 prae-

243 907 390 949 cedunt,
424 918 513 952 quos
548 907 672 942 statim
705 906 838 942 addere
871 907 988 943 liceat.
1044 906 1217 942 Lchrsius
1244 918 1279 943 v.
1309 908 1465 942 65-82
1501 907 1619 952 delet-

244 969 480 1016 offenditque‚
520 971 557 1005 et
591 969 686 1017 quod
720 971 825 1006 tanta
858 981 939 1005 cum
978 969 1198 1016 loquacitate
1239 969 1327 1006 haec
1366 969 1410 1006 de
1443 970 1598 1006 Hercule

179 1044 182 1047 ·
243 1035 339 1079 apud
368 1034 570 1079 Omphalen
597 1037 763 1070 morante
790 1037 985 1070 narrantur
1015 1036 1053 1070 et
1081 1034 1187 1081 quod,
1214 1035 1429 1080 praesertim
1457 1035 1489 1070 si
1516 1047 1596 1071 con-

243 1099 411 1134 feruntur
451 1100 619 1134 55—64
656 1101 765 1145 atque
804 1101 875 1134 111
917 1110 984 1145 sq.,
1029 1098 1107 1134 veri
1140 1098 1381 1135 dissimillima
1421 1110 1498 1134 esse
1543 1099 1596 1134 iu-

246 1164 414 1208 stumque
438 1163 585 1197 modum
609 1163 779 1198 excedere
807 1163 987 1198 videntur.
1032 1162 1164 1197 Mirum
1191 1165 1381 1207 praeterea
1408 1165 1475 1208 est,
1503 1163 1598 1209 quod

166 1232 169 1235 ⁴
243 1225 326 1261 inde
355 1237 377 1261 a
404 1237 512 1262 versu
543 1227 595 1262 60
623 1237 736 1272 usque
765 1225 811 1261 ad
840 1226 890 1261 82
921 1227 1058 1271 septem
1088 1237 1131 1261 ex
1163 1225 1327 1262 undecim
1361 1226 1597 1272 pentametris

243 1291 296 1324 ita
325 1290 551 1348 clauduntur,
580 1293 622 1325 ut
649 1290 720 1324 duo
742 1292 885 1324 tantum
908 1290 1020 1324 verba
1043 1290 1211 1334 expleant
1232 1301 1379 1325 versum
1401 1290 1598 1335 dimidium,

244 1365 397 1399 quorum
426 1354 593 1399 alterum,
620 1353 819 1389 infinitivus
847 1353 1009 1401 perfecti,
1037 1353 1074 1388 in
1102 1353 1247 1389 easdem
1274 1353 1405 1390 desinit
1428 1354 1597 1400 syllabas.

244 1417 344 1452 Talis
372 1418 612 1464 aequabilitas
641 1420 683 1453 ut
711 1419 768 1453 est
795 1417 915 1452 tenuis
938 1417 1203 1462 versificatoris,
1230 1417 1283 1452 ita
1306 1418 1381 1453 sine
1404 1418 1512 1453 dubio
1535 1419 1597 1453 ab-

178 1500 179 1503 =
243 1481 368 1516 horret
396 1481 442 1516 ab
472 1480 568 1515 omni
597 1480 780 1526 elegantia
816 1482 925 1525 atque
959 1480 1166 1526 eloquentia
1195 1480 1328 1525 Ovidii,
1365 1481 1426 1527 qui
1459 1492 1599 1516 summa

244 1546 322 1579 arte
367 1544 509 1579 variare
557 1544 659 1579 novit
702 1555 874 1580 versuum
913 1544 1134 1578 structuram
1143 1538 1184 1592 ¹).
1223 1562 1273 1568 -—
1313 1543 1438 1589 Neque
1477 1546 1599 1580 tamen

245 1620 374 1643 versus
405 1609 561 1644 65—72
591 1608 708 1642 ullum
735 1609 883 1643 movent
912 1608 1130 1653 scrupulum,
1159 1609 1268 1653 atque
1296 1607 1406 1643 etiam
1429 1620 1519 1654 quae
1544 1620 1598 1644 se-

246 1671 372 1718 quitur
400 1671 618 1707 sententiam
646 1670 791 1705 defendi
818 1682 850 1705 a.
879 1681 910 1706 a.
938 1682 972 1706 v.
997 1672 1072 1706 219
1102 1672 1229 1705 notum
1257 1672 1323 1707 est.
1378 1670 1432 1706 De
1455 1671 1598 1707 relicuis

244 1736 411 1771 versibus
439 1736 507 1770 hoc
529 1735 746 1770 monendum
769 1736 834 1770 est.
880 1734 1016 1769 Versus
1041 1736 1089 1769 81
1116 1736 1154 1769 et
1177 1736 1227 1770 83
1251 1734 1381 1771 desunt
1403 1735 1441 1770 in
1463 1736 1598 1782 optimo

244 1799 380 1845 codice,
414 1799 452 1834 in
486 1799 614 1835 ceteris
648 1798 750 1834 libris
784 1798 916 1833 mirum
950 1800 1125 1844 quantum
1154 1798 1331 1844 scriptura
1358 1799 1526 1844 fluctuat,
1558 1802 1600 1836 ut

243 1866 340 1899 recte
375 1863 631 1907 Sedlmayerus
672 1858 711 1910 (1.
746 1874 775 1897 c.
809 1875 843 1907 p.
880 1860 947 1909 75)
988 1862 1199 1897 concludere
1237 1862 1403 1899 videatur
1442 1874 1518 1908 eos,
1556 1865 1600 1899 ut

242 1938 337 1962 nunc
371 1927 513 1971 extant,
552 1937 625 1960 non
658 1925 770 1961 fuisse
804 1925 842 1961 in
876 1925 1083 1970 archetypo.
1143 1925 1280 1961 Deinde
1314 1937 1429 1972 neque
1457 1926 1598 1962 intelle-

243 1991 358 2037 gitur,
392 2002 456 2025 cur
489 1992 597 2035 poeta
633 1989 670 2024 in
705 1989 939 2025 describenda
966 1989 1074 2024 nendi
1102 1989 1242 2025 ratione
1271 1989 1459 2037 diligentia.
1485 2002 1598 2037 paene

243 2054 432 2090 fastidiosa
464 2056 629 2089 versatus
665 2054 728 2099 sit,
769 2055 806 2089 et
837 2053 1029 2089 ridiculum
1069 2053 1105 2088 in
1143 2045 1290 2089 modum
1329 2053 1523 2100 Omphales
1561 2055 1599 2090 in

244 2119 437 2154 Herculem
471 2118 621 2154 effertur
647 2117 848 2164 imperium.
899 2117 970 2153 Sed
998 2117 1094 2164 quod
1122 2118 1240 2153 maius
1269 2120 1335 2164 est,
1363 2118 1522 2154 nondum
1548 2119 1597 2154 le-

243 2183 342 2228 gitur
376 2183 465 2217 haec
498 2182 623 2217 fabula
656 2183 751 2227 apud
786 2181 983 2217 Ovidianae
1018 2182 1150 2217 aetatis
1184 2183 1376 2227 scriptores
1412 2180 1472 2229 (cf.
1507 2194 1598 2227 quae

243 2247 371 2282 citavit
405 2245 446 2282 O.
476 2245 584 2291 Jahn,
620 2245 949 2292 Sitzungsberichte
982 2245 1047 2280 der
1081 2245 1203 2281 Sachs.
1234 2244 1315 2281 Ges.
1345 2245 1377 2281 d.
1406 2245 1465 2282 W.
1495 2247 1596 2282 1855

242 2322 275 2354 p.
297 2311 374 2345 224
398 2306 479 2357 sq.),
509 2310 572 2345 sed
600 2309 752 2345 debetur
773 2310 966 2355 posteriori
988 2309 1155 2355 tempori,
1186 2321 1256 2354 quo
1286 2309 1324 2344 in
1345 2309 1495 2354 picturis
1518 2310 1595 2355 qui-

332 2446 364 2485 1)
387 2443 570 2478 Rarissime
605 2443 692 2476 hanc
716 2454 885 2488 ¹versuum
920 2443 1062 2476 formam
1100 2441 1246 2476 inveniri
1277 2427 1368 2485 apud
1396 2452 1473 2475 eum
1501 2442 1601 2476 docet

244 2498 463 2539 Eschenburg
484 2498 519 2537 (1.
544 2508 572 2530 c.
596 2508 628 2538 p.
652 2499 719 2538 29).
