1745 2813
726 82 959 121 -3-.

163 192 279 238 partis
313 192 459 229 secundi
489 188 588 228 libri'
613 219 649 229 ..
666 220 674 228 .
708 194 816 238 atque
844 192 1033 229 similiter:
1073 188 1186 227 ‘Haec
1219 183 1282 227 est⁸
1308 188 1519 235 responsiva

166 256 320 302 epistula
337 283 346 292 .
364 285 373 293 .
390 285 400 294 .
427 258 484 292 est
521 256 677 292 secunda
714 267 799 302 pars
836 256 968 292 tertiae
1006 256 1121 302 partis
1158 254 1304 290 secundi
1336 249 1436 289 libri’
1454 281 1462 287 .
1481 281 1489 288 .
1509 280 1517 288 .

165 321 247 356 Duo
287 321 400 368 igitur
440 320 493 356 ibi
524 320 793 356 constituuntur
825 320 927 367 libri,
959 331 1111 366 quorum
1138 319 1254 354 altero
1287 318 1518 363 comprehen-

164 385 299 420 duntur
325 384 470 419 litterae
496 385 661 429 mutuae3
688 395 839 428 cumque
869 383 942 418 sint
968 383 1039 418 tria
1067 383 1305 428 epistularum
1331 381 1452 427 paria,
1480 381 1518 416 in

165 450 240 484 tres
261 448 324 483 ille
352 447 525 483 dividitur
545 448 680 492 partes,
706 458 860 492 quarum
887 457 1051 492 quaeque
1078 446 1167 482 duas
1189 446 1422 492 amplectitur
1443 445 1516 491 epi-

166 513 296 558 stulas⁷
324 511 413 547 duas
440 513 573 556 partes.

273 575 345 611 Sed
370 575 541 621 graviora
568 575 831 621 aggrediamur.

798 690 882 737 §a

274 777 445 814 Traditae
480 779 564 813 sunt
601 777 670 813 hae
704 777 881 822 epistulae
913 775 1081 812 heroides
1113 775 1311 812 Ovidianae
1339 775 1520 812 codicibus

168 843 309 877 saeculo
348 841 437 876 XIII
481 841 744 887 antiquioribus
783 841 988 886 perpaucis,
1026 840 1286 875 recentioribus
1322 840 1521 885 permultis.

169 905 354 947 Quaenam
382 905 430 940 sit
457 905 586 940 horum
614 905 774 940 omnium
800 905 911 950 ratio,
926 904 1070 950 ¹quique
1099 905 1184 939 libri
1210 906 1356 950 praeter
1383 906 1522 940 ceteros

169 969 242 1003 sint
269 968 498 1013 respiciendi,
525 969 684 1003 nondum
712 969 801 1003 satis
829 979 1004 1013 apparere
1032 971 1137 1013 puto3
1165 980 1281 1013 neque
1309 968 1404 1002 enim
1431 979 1522 1013 quae

167 1033 350 1077 hucusque
394 1032 544 1078 vigebat
587 1032 631 1066 de
670 1032 744 1070 illis
784 1032 965 1067 sententia
1001 1043 1094 1066 nunc
1134 1033 1299 1067 omnibus
1337 1031 1524 1077 probatur,

168 1107 233 1132 nec
269 1096 322 1133 St.
345 1095 595 1142 Sedlmayer-o,
629 1096 692 1142 qui
723 1107 839 1142 nuper
871 1097 1055 1140 accurata,
1088 1098 1130 1131 ut
1162 1107 1327 1132 censores
1360 1095 1524 1131 nonnulli

169 1161 370 1196 liberaliter
402 1161 632 1207 adseverant,
670 1161 908 1206 plurimorum
947 1160 1108 1196 codicum
1141 1161 1344 1207 cognitione
1379 1154 1524 1195 adiutus

171 1225 215 1260 de
243 1236 286 1260 ea.
307 1236 346 1260 re
375 1224 574 1270 disputavit
583 1221 623 1273 ¹),
651 1225 758 1270 plane
786 1225 1054 1261 assentiendum
1082 1237 1160 1261 esse
1188 1226 1342 1262 videtur.
1397 1225 1524 1270 Itaque

171 1290 262 1324 hanc
300 1289 548 1333 quaestionem
587 1289 765 1335 attingere
802 1289 924 1334 liceat,
968 1301 1186 1335 quamquam
1221 1301 1318 1334 eam,
1356 1289 1524 1334 quoniam

173 1352 332 1387 omnium
348 1352 507 1387 codicum
525 1354 712 1387 accuratae
728 1353 887 1387 nondum
905 1353 1137 1398 suppeditant
1152 1352 1314 1398 notitiae,
1337 1352 1525 1388 absolvere

172 1428 238 1461 nos
266 1428 338 1451 non
364 1427 469 1461 posse
497 1417 610 1451 libere
638 1412 842 1464 fatemur2).

280 1479 449 1516 Omnium
471 1480 739 1526 antiquissimos
761 1480 899 1517 codices
922 1492 999 1517 esse
1022 1484 1164 1517 constat
1179 1482 1394 1517 Puteanewm
1412 1476 1521 1530 (P.—

173 1544 378 1580 Parisinum
399 1556 434 1580 n.
453 1540 576 1593 8242)
599 1547 636 1580 et
657 1546 866 1581 Etonensem
889 1542 1318 1595 (E.—Longobardicum
1339 1546 1388 1581 bl.
1413 1547 1447 1581 6.
1471 1540 1525 1593 5.)

173 1611 365 1654 utrumque
373 1604 404 1657 ³)
446 1620 473 1644 s.
511 1609 563 1644 XI
596 1609 847 1655 perscriptum.
911 1610 1019 1645 Illum
1065 1610 1319 1645 nonnullorum
1356 1609 1526 1644 foliorum

174 1673 313 1708 iactura
340 1673 508 1708 mutilum
537 1684 614 1708 esse
642 1674 847 1719 passimque
875 1674 956 1709 aliis
979 1674 1120 1709 casibus
1143 1674 1291 1720 laesum,
1318 1674 1412 1709 hunc
1433 1684 1526 1708 nunc

174 1737 318 1783 quidem
352 1739 490 1782 septem
523 1740 666 1773 tantum
699 1738 872 1783 epistulas
906 1739 1075 1784 amplecti
1107 1740 1231 1773 notum
1260 1741 1326 1774 est.
1381 1738 1526 1773 Tertius

264 1852 295 1892 1)
318 1850 548 1892 Sedlmayerus
570 1851 699 1892 proleg.
717 1850 835 1884 critica
850 1851 895 1883 ad
911 1850 1066 1884 heroides
1085 1851 1282 1893 Ovidianas,
1305 1850 1527 1884 vindobonae

178 1907 270 1937 1878.
315 1904 426 1944 Atque
449 1904 490 1936 de
514 1903 585 1937 eius
606 1904 694 1937 libro
718 1904 908 1946 disputant:
940 1904 1075 1938 Riesius
1098 1905 1133 1937 in
1157 1905 1309 1938 ‘Literan
1328 1903 1525 1937 Centralb1.'

178 1962 260 1991 1879
294 1969 325 1999 p.
351 1961 422 1990 776.
473 1957 519 1990 Η.
549 1958 699 2000 Magnus
731 1958 767 1990 in
797 1958 1081 1991 ‘Jahresberiehte
1117 1958 1148 1992 d.
1177 1958 1296 2000 philol.
1319 1958 1460 1992 Vereins
1488 1969 1529 1990 zu

176 2010 322 2051 Berlin',
345 2011 385 2043 V.
403 2010 520 2051 Jahrg.
539 2021 571 2051 p.
591 2014 662 2044 502.
698 2011 740 2043 Ε.
753 2011 923 2044 Baehrens
942 2012 1078 2044 ‘Jenaer
1095 2011 1274 2045 Lit.-Zeit.'
1296 2016 1387 2045 1878.
1405 2023 1436 2053 p.
1456 2015 1527 2044 704.

264 2065 296 2106 2)
319 2064 451 2097 Codicis
474 2064 637 2097 Puteanei
666 2064 749 2097 satis
776 2065 913 2106 plenam
941 2066 977 2098 et
1003 2066 1198 2098 accuratam
1229 2065 1446 2098 collationem
1470 2064 1528 2096 ad-

178 2119 242 2150 huc
271 2118 456 2151 desiderari
482 2119 602 2150 notum
624 2119 695 2159 est3
721 2119 901 2151 Etonensis
924 2119 1061 2151 collatio
1084 2119 1179 2151 extat
1199 2119 1235 2151 in
1257 2119 1404 2152 editione
1427 2118 1530 2160 angla

179 2171 426 2214 Shuckburqhii
446 2181 554 2213 nuper
576 2171 685 2211 edita3
709 2168 964 2213 Guelferbytani
986 2171 1066 2203 libri
1088 2172 1199 2204 varias
1221 2171 1383 2204 lectiones
1407 2181 1530 2213 cogno-

180 2234 274 2258 scere
297 2224 382 2258 mihi
403 2224 500 2258 licuit
523 2235 564 2258 ex
586 2225 742 2266 enotatis,
766 2235 853 2266 quae
877 2225 960 2258 olim
982 2224 1048 2258 sibi
1070 2225 1198 2258 fecerat
1214 2224 1404 2266 Diltheyus‚
1429 2234 1530 2266 qnae-

180 2289 260 2320 que,
285 2289 354 2320 qua
376 2280 427 2311 est
449 2278 661 2312 humanitate
684 2281 719 2311 et
742 2278 993 2320 benevolentia,
1016 2278 1100 2312 mihi
1122 2279 1287 2321 inspicere
1310 2278 1476 2320 permisit.

265 2335 299 2375 3)
322 2334 530 2366 Puteaneum
552 2342 619 2365 non
642 2342 714 2366 esse
737 2343 762 2366 s.
780 2332 842 2374 IX,
873 2334 913 2365 ut
933 2334 1127 2366 statuerunt
1149 2333 1313 2366 Merkelus
1335 2332 1454 2374 (praef.
1478 2332 1530 2364 ed.

179 2398 212 2428 p.
230 2387 307 2428 III),
335 2387 579 2429 Sedlmayerus,
614 2386 691 2427 alii,
719 2387 779 2419 sed
807 2386 854 2419 XI
875 2388 1019 2420 testatur
1041 2387 1209 2422 Holderus
1230 2386 1286 2427 (cf.
1309 2385 1461 2427 Dathey,
1489 2386 1531 2418 de

181 2439 381 2472 Callimachi
404 2440 558 2482 Cydippa
578 2451 610 2481 p.
632 2443 715 2481 134).

1232 2492 1275 2524 1*
