1745 2813
766 146 998 184 -8-

315 256 439 301 Neque
468 267 626 301 unquam
654 256 693 290 in
725 256 844 291 animo
872 257 984 292 habui
1010 254 1127 308 neque
1153 257 1326 303 perficere
1352 258 1562 302 potuissem,

207 322 248 355 ut
282 320 441 354 omnium
474 320 651 366 codicum,
692 320 754 366 qui
787 320 973 366 aliquanto
1006 320 1119 356 etiam
1150 321 1273 367 plures
1315 322 1415 366 sunt,
1453 332 1562 366 quam

208 385 434 421 enumeravit
458 381 763 434 Sedlmayerus1)‚
791 384 994 422 rationibus
1020 387 1185 422 accurate
1208 385 1407 432 disquisitis
1427 397 1562 422 novum

207 451 407 485 statuerem
436 450 597 485 codicum
626 451 789 495 stemma,
819 450 883 485 sed
911 450 954 486 de
982 450 1045 485 illo
1074 451 1218 485 tantum
1245 451 1338 486 libro
1361 450 1562 486 accuratius

206 514 429 559 quaesivisse
463 514 553 550 satis
586 514 719 560 habeo,
759 526 866 560 quem
901 511 1092 561 ‘insignem
1126 511 1258 561 locum'
1291 515 1387 553 inter
1425 516 1561 551 ceteros

207 579 424 614 recentiores
453 578 566 614 libros
588 579 758 628 obtinere
787 579 956 615 affirmat.
1006 580 1135 625 Itaque
1164 580 1321 616 codicem
1344 580 1561 625 Gissensem,

207 654 288 677 cum
316 642 404 688 ipsis
429 643 657 689 Sedlmayeri
685 644 821 679 tabulis
850 643 989 679 collatis
1017 655 1089 678 non
1116 636 1260 688 possem
1289 644 1457 681 assentiri
1485 644 1561 679 eius

207 707 250 741 de
278 707 343 742 illo
371 707 465 742 libro
496 708 708 754 sententiae,
737 708 853 743 denuo
882 708 1056 753 inspicere
1087 707 1209 743 statui.
1267 708 1428 754 Cumque
1450 708 1560 743 inter-

208 772 357 808 cedente
385 772 537 808 comiter
565 772 805 808 bibliothecae
833 774 979 808 nostrae
1013 771 1236 808 academicae
1270 772 1561 808 administratore

210 836 279 871 huc
312 836 548 871 transmissus
581 839 678 881 esset
710 837 819 882 liber,
857 837 964 882 plane
999 837 1092 872 falso
1124 836 1168 871 de
1202 848 1244 872 eo
1277 837 1458 882 hucusque
1485 836 1562 871 sere

208 900 406 936 iudicatum
435 912 513 936 esse
541 901 645 937 brevi
672 901 835 937 intellexi
843 896 885 949 ²).

298 1057 330 1098 1)
359 1056 432 1089 Iam
461 1057 504 1089 ab
533 1056 611 1089 aliis
641 1056 695 1098 (cf.
723 1057 797 1089 Jen.
826 1057 891 1089 Lit.
921 1057 1002 1090 Zeit.
1034 1061 1117 1090 1878
1140 1061 1276 1099 Ρ.·704,
1304 1057 1425 1091 Philol.
1449 1057 1562 1089 Rund-

209 1111 316 1143 schau
335 1111 360 1150 I,
380 1111 456 1152 412)
477 1110 715 1152 Sedlmayerus
732 1110 945 1152 vituperatus
963 1112 1024 1152 est,
1047 1111 1138 1152 quod
1159 1111 1338 1144 nonnullos
1360 1110 1565 1152 neglexisset

209 1164 359 1196 codices:
389 1165 448 1196 sed
477 1164 592 1205 potius
623 1175 706 1205 quos
736 1174 833 1196 casus
861 1165 1000 1205 quidam
1030 1164 1155 1197 obtulit
1175 1158 1317 1197 ‘codices
1346 1174 1403 1197 eos
1425 1174 1562 1205 percen—

211 1216 328 1256 suisse,
354 1225 455 1257 quam
474 1216 616 1249 consilio
636 1219 670 1249 et
692 1217 861 1249 industria
883 1219 1085 1259 apparatum
1107 1218 1246 1259 plenum
1269 1217 1448 1259 collegisse
1471 1217 1562 1249 vide-

209 1272 274 1304 tur.
327 1269 450 1314 Omisit
478 1269 567 1302 enim
603 1270 833 1303 bibliothecae
861 1270 1108 1313 Amplonianae
1137 1271 1340 1304 Erfurtensis
1372 1271 1565 1312 fragmenta.

209 1335 234 1356 s.
256 1324 334 1356 XIII
364 1323 419 1364 (cf.
443 1322 555 1362 Kritz,
576 1323 618 1354 de
642 1323 817 1355 codicibus
839 1323 1069 1356 bibliothecae
1090 1323 1338 1365 Amplonianae
1359 1324 1565 1357 Erfurtensis

210 1376 410 1419 potioribus.
456 1375 580 1408 Erfurt.
607 1379 700 1410 1850.
735 1376 781 1409 4⁰.
805 1387 837 1418 p.
858 1380 898 1409 10
915 1378 960 1418 g).
997 1376 1137 1408 Nullum
1160 1378 1274 1410 autem
1296 1377 1420 1410 librum
1441 1376 1563 1410 biblio-

208 1433 328 1464 thecae
353 1430 497 1463 alicuius
520 1430 659 1463 Italicae
678 1431 931 1471 commemorat,
953 1431 1020 1464 nisi
1037 1442 1122 1473 quos
1140 1431 1228 1464 vidit
1244 1425 1343 1464 cita-ri
1359 1431 1395 1463 in
1411 1430 1564 1472 Diltheyi
1629 1468 1632 1473 ¹

210 1486 252 1518 de
276 1484 359 1517 Call.
385 1485 463 1526 Cyd.
488 1485 585 1518 libro.
636 1485 805 1517 Enumero
832 1485 899 1517 hoc
933 1485 1009 1517 loco
1042 1485 1237 1525 nonnullos,
1273 1495 1416 1525 quorum
1451 1484 1564 1526 cogni-

210 1538 339 1571 tionem
362 1538 470 1571 debeo
494 1537 667 1579 Dsstheyo,
692 1548 900 1579 quorumque
923 1538 1047 1580 partim
1070 1534 1144 1580 ipse
1167 1538 1292 1580 partim
1315 1538 1351 1570 in
1373 1538 1444 1570 eius
1467 1549 1564 1570 usum

212 1592 475 1625 Studemundius
504 1591 672 1624 enotavit:
702 1591 777 1624 cod.
801 1592 1044 1624 Ambrosianus
1070 1592 1106 1625 O.
1133 1595 1193 1625 138
1217 1591 1295 1633 sup.
1320 1592 1357 1624 8ο
1379 1592 1563 1625 membran.

210 1655 298 1678 saec.
328 1645 418 1685 XIV,
449 1656 524 1677 cum
553 1644 767 1686 glossematis
801 1644 1075 1677 interlinearibus
1104 1646 1138 1677 et
1170 1643 1308 1677 scholiis
1339 1644 1488 1677 verbosis
1516 1645 1564 1677 in-

211 1700 368 1732 structus.
416 1698 489 1731 cod.
514 1698 665 1732 Ambros.
691 1699 729 1730 Ε.
749 1701 790 1730 84
809 1698 888 1740 Sap.
912 1699 954 1730 '8⁰
983 1708 1068 1731 saec.
1092 1697 1294 1730 XIII—XIV
1318 1697 1399 1730 olim
1422 1697 1564 1731 Bobien-

211 1753 267 1794 sis,
292 1753 477 1785 membran.
517 1751 608 1784 notis
631 1752 821 1793 adspersus.
863 1752 935 1784 cod.
961 1752 1109 1784 Ambros.
1137 1752 1177 1783 P.
1203 1755 1242 1784 73
1267 1751 1346 1795 Sup.
1366 1752 1402 1784 8⁰
1423 1752 1562 1785 membr.

211 1816 297 1839 saec.
322 1806 409 1838 XIV.
456 1805 530 1837 cod.
561 1805 711 1837 Ambros.
735 1805 777 1836 F.
804 1808 843 1836 53
873 1805 951 1846 Sup.
988 1805 1025 1836 80
1058 1805 1203 1837 chartac.
1240 1814 1327 1837 saec.
1362 1805 1432 1837 XV.
1490 1806 1566 1838 cod.

210 1861 361 1893 Ambros.
380 1860 413 1893 J.
429 1863 448 1892 8
466 1859 524 1892 inf.
544 1859 626 1892 olim
639 1858 848 1899 Aveniensis,
867 1868 951 1890 saec.
969 1858 1055 1890 XIV.
1070 1858 1141 1891 cod.
1161 1858 1364 1891 Mutinensis
1386 1858 1444 1891 V1.
1457 1859 1498 1892 B.
1513 1862 1564 1893 22.

210 1924 297 1947 saec.
325 1913 387 1946 XV
418 1912 670 1946 commentariis
698 1912 883 1944 instructus
911 1911 1045 1944 vilibus.
1098 1912 1170 1944 cod.
1198 1912 1406 1953 Parmensis,
1442 1912 1564 1945 biblio-

210 1968 330 2000 thecae
359 1966 484 2008 regiae,
513 1965 553 1999 H.
583 1966 624 1998 H.
655 1966 711 1998 IV.
744 1969 793 1998 11.
822 1965 1007 1997 membran.
1039 1974 1125 1997 saec.
1155 1964 1225 1997 XV.
1271 1965 1343 1998 cod.
1383 1965 1566 1999 Vaticanus

210 2025 294 2054 2792
325 2030 411 2053 saec.
441 2019 528 2052 XIV.
576 2019 649 2053 cod.
674 2019 877 2052 Basileensis
906 2018 950 2051 F.
973 2018 1037 2052 IV.
1063 2022 1112 2051 17.
1158 2019 1341 2052 membran.
1370 2029 1456 2052 saec.
1486 2019 1565 2066 XIII

212 2074 342 2107 -XIV.
390 2073 513 2106 Omnes
543 2073 579 2105 hi
608 2073 687 2105 libri
715 2071 875 2106 desinunt
896 2072 932 2105 in
955 2082 1005 2114 ep.
1031 2071 1101 2105 XX.
1125 2083 1156 2105 v.
1182 2076 1232 2106 12.
1276 2072 1454 2105 Accedunt
1481 2083 1565 2114 quos

211 2128 358 2161 Kunzius
376 2128 426 2169 (P.
440 2127 557 2167 Ovidii
571 2126 717 2159 Nasonis
734 2126 871 2160 libellus
889 2127 931 2158 de
948 2125 1170 2159 medicamine
1187 2126 1297 2160 faciei.
1309 2126 1454 2160 Vindob.
1470 2128 1565 2169 1881)

211 2183 401 2215 enumerat:
427 2181 499 2214 cod.
522 2181 773 2213 Riccardianus
795 2180 858 2221 (M.
877 2179 932 2212 ΠΙ.
951 2190 1040 2212 num.
1060 2180 1083 2212 I.
1102 2181 1178 2221 489)
1202 2192 1226 2213 s.
1251 2181 1351 2221 XIII.‚
1374 2181 1441 2213 duo
1463 2181 1564 2214 Bero-

211 2237 353 2269 linenses
376 2236 449 2276 (Ms.
469 2234 560 2268 Diez.
585 2234 621 2266 B.
641 2234 734 2267 Sant.
758 2234 779 2266 l.
799 2244 860 2266 ms.
879 2233 936 2266 fol.
961 2245 993 2266 n.
1013 2234 1087 2275 123)
1111 2244 1136 2268 s.
1154 2234 1233 2266 XIII
1256 2234 1299 2275 (ἓ)
1323 2234 1359 2266 et
1380 2234 1456 2275 (ms.
1473 2233 1564 2267 Diez.

210 2290 244 2321 b.
274 2288 364 2320 Sant.
389 2290 424 2328 4)
454 2298 478 2319 s.
503 2287 575 2327 XV,
598 2287 853 2320 Laurentianus
881 2287 938 2327 (pl.
962 2286 1112 2319 XXXVI.
1137 2288 1170 2327 2)
1193 2298 1217 2319 s.
1241 2286 1320 2327 XV,
1353 2287 1497 2320 Urbinas
1519 2288 1563 2328 (n.

210 2344 287 2383 347)
312 2352 336 2374 s.
361 2341 433 2374 XV.
1250 2363 1253 2366 -

300 2410 331 2449 2)
355 2406 499 2439 Miratus
513 2416 586 2439 sum
598 2405 833 2439 incredibilem
845 2405 1097 2448 neglegentiam
1110 2381 1305 2439 collationis
1317 2405 1564 2448 Wigandianae

213 2471 314 2503 quam
343 2460 501 2493 Loersius
530 2459 653 2500 edidit,
683 2469 817 2501 quaque
847 2459 1080 2501 Sedlmayerus
1109 2459 1222 2492 animo
1245 2458 1368 2491 fidenti
1395 2469 1475 2491 usus
1503 2460 1564 2492 est.

212 2515 311 2550 Haud
334 2525 462 2559 paucae
487 2514 673 2558 scripturae
697 2514 782 2548 false
807 2515 998 2555 enotantur,
1021 2513 1128 2547 multo
1145 2514 1259 2557 plures
1276 2513 1488 2556 corruptelae
1506 2515 1565 2546 aut
