1745 2813
759 85 1020 140 -72-

216 223 325 254 aureo
354 211 485 257 Eridis,
514 212 610 257 quod
638 212 726 247 deae
755 212 894 249 victrici
921 211 1079 247 dandum
1106 212 1219 248 fuisse
1241 212 1324 248 inde
1347 223 1391 247 ex
1413 212 1569 252 Alexan-

215 275 401 311 drinorum
424 278 585 322 tempore
609 279 717 323 atque
741 276 869 312 deinde
897 276 1014 312 medio
1043 288 1131 314 aevo
1160 278 1197 313 et
1223 277 1422 313 recentiore
1450 279 1572 314 aetate

213 353 398 387 nunquam
425 353 498 376 non
525 342 658 378 fabulis
686 342 892 378 celebratur
902 337 943 390 ¹).
995 341 1073 377 Hoc
1101 342 1302 378 luculenter
1328 342 1456 378 docere
1482 341 1572 377 mihi

215 405 361 441 videtur
388 405 499 441 etiam
529 405 611 441 CIV
640 417 765 442 versus
793 406 875 442 illos
904 417 923 441 e
952 405 1148 453 tragoediis
1176 405 1314 452 graecis
1343 405 1570 452 potissimum

213 469 375 516 fluxisse,
409 471 540 516 quippe
580 483 672 516 quae
711 471 813 506 illam
852 471 1012 506 fabulam
1044 482 1119 506 non
1157 471 1356 516 praebeant
1389 465 1452 518 (cf.
1484 471 1571 509 Eur.

214 534 384 570 Androm.
416 536 493 570 274
523 546 585 581 sq„
616 535 746 571 Troad.
779 536 867 580 918,
896 535 973 580 Iph.
1003 535 1085 570 Aul.
1118 536 1230 580 1284,
1260 534 1340 570 Hel.
1371 536 1433 580 25,
1463 532 1570 583 675).

324 598 418 634 Tum
457 599 809 635 commemorandum
854 602 911 634 est
936 599 1048 635 .sicut
1092 599 1188 644 apud
1225 598 1435 645 Euripidem
1474 595 1570 647 (Iph.

217 663 313 697 Aul:
337 664 435 698 1291
469 658 538 711 sq.)
579 663 632 698 ita
670 663 727 698 hic
767 674 908 708 quoque
948 658 1043 710 (XV,
1073 659 1249 710 53—60)
1288 663 1404 708 primo
1443 664 1567 708 paucis

219 725 339 761 verbis
368 725 532 773 describi,
561 739 632 772 qua
655 727 692 762 in
715 727 861 773 regione
885 728 1005 762 actum
1028 726 1076 762 sit
1098 726 1278 763 iudicium.
1296 746 1350 750 —
1372 727 1570 763 Mercurius

217 790 366 825 dearum
396 791 468 825 dux
497 793 552 827 est
579 793 621 826 ut
648 791 733 826 Eur.
764 791 934 826 Androm.
967 792 1041 826 275
1071 791 1124 826 ita
1152 802 1206 836 ep.
1234 791 1311 835 XV,
1342 792 1390 826 61
1422 803 1473 837 sq.

322 855 461 890 Deinde
478 856 684 891 conferendi
696 858 780 891 sunt
792 856 866 891 her.
879 856 956 902 XV,
970 857 1017 891 81
1033 868 1096 902 sq.,
1112 857 1185 891 163
1201 867 1262 901 sq.,
1275 856 1372 901 XVI,
1389 858 1475 902 117,
1493 858 1565 892 131

215 929 296 953 cnm
324 919 449 965 Eurip.
479 920 608 955 Troad.
642 921 716 956 925
743 931 804 965 sq.,
838 920 969 965 quibus
1000 920 1088 955 locis
1117 920 1285 955 similiter
1307 920 1456 955 dearum
1484 932 1567 956 enu-

218 986 407 1019 merantur
428 984 615 1029 promissa.
666 985 786 1030 Atque
811 984 922 1020 etiam
944 985 1039 1030 quod
1062 985 1149 1019 dicit
1170 987 1278 1030 poeta
1303 981 1396 1032 (XV,
1422 986 1470 1021 67
1491 981 1570 1032 sq.),

216 1047 385 1083 Paridem
413 1048 529 1093 primo
558 1049 726 1084 Mercurii
754 1051 902 1094 aspectu
929 1049 1164 1094 perterritum
1192 1061 1281 1095 esse,
1308 1049 1346 1084 in
1372 1049 1569 1095 tragoediis

216 1115 310 1157 erat,
350 1112 480 1148 docent
512 1113 579 1149 hoc
614 1116 651 1149 et
680 1113 827 1149 Coluthi
861 1115 954 1159 rapt.
983 1113 1063 1149 Hel.
1096 1115 1185 1158 121,
1218 1125 1333 1159 neque
1361 1113 1479 1149 minus
1506 1126 1567 1149 va-

216 1188 338 1212 sorum
365 1176 528 1221 picturae
557 1172 619 1224 (cf.
642 1176 830 1213 Overbeck
854 1178 877 1213 l.
900 1189 930 1213 c.
954 1190 987 1223 p.
1009 1174 1114 1225 213).
1131 1196 1183 1201 —
1201 1177 1363 1223 Denique
1392 1177 1568 1223 quomodo

217 1242 362 1287 agnitus
381 1241 428 1276 sit
445 1252 467 1276 a
484 1241 639 1286 Priamo,
657 1242 724 1277 hoc
742 1242 886 1288 quidem
904 1242 1030 1277 eadem
1043 1242 1181 1277 ratione
1193 1244 1364 1278 narratur
1375 1244 1484 1289 atque
1496 1242 1568 1277 iam

220 1306 258 1340 in
282 1305 479 1351 tragoediis
502 1306 615 1341 fuisse
634 1318 676 1341 ex
692 1306 831 1353 Hygini
848 1307 920 1342 fab.
941 1308 987 1342 91
1009 1307 1171 1341 concludi
1187 1309 1308 1352 potest
1325 1302 1385 1355 (cf.
1404 1306 1571 1342 Welcker

216 1370 350 1417 griech.
377 1370 485 1416 Trag.
508 1383 539 1416 p.
568 1367 672 1420 100).
716 1370 874 1418 Agnitus
904 1370 997 1407 enim
1027 1373 1082 1407 est
1109 1383 1174 1417 per
1202 1367 1298 1407 ‘rata
1325 1368 1442 1418 signa'
1472 1367 1570 1420 (90),

217 1447 288 1480 qua
315 1447 418 1480 voce,
453 1438 494 1469 ut
528 1435 646 1470 fertur
674 1435 711 1469 in
739 1435 933 1481 tragoediis
963 1430 1066 1483 (Eur.
1094 1436 1222 1481 fragm.
1253 1437 1314 1480 47,
1344 1437 1406 1481 59,
1434 1435 1568 1481 Hygin.

216 1500 240 1535 f.
270 1502 359 1544 273,
394 1499 557 1534 Ribbeck
585 1500 608 1535 l.
638 1511 666 1535 c.
694 1512 727 1544 p.
759 1501 808 1535 84
839 1512 907 1546 sq.,
942 1501 1009 1544 89,
1045 1496 1129 1547 92),
1163 1499 1338 1544 imprimis
1372 1500 1570 1535 certamina

218 1574 299 1598 cum
327 1563 483 1599 fratibus
512 1562 665 1598 feliciter
693 1565 798 1609 gesta
825 1558 1067 1612 indicantur2)
1097 1560 1191 1611 (XV,
1216 1565 1278 1609 51,
1302 1564 1364 1607 52,
1387 1564 1463 1599 359
1488 1560 1570 1613 sq.).

218 1628 336 1662 Aliter
382 1628 583 1672 posteriore
623 1630 744 1663 aetate
783 1640 841 1663 res
886 1628 1019 1663 fabulis
1064 1628 1250 1663 ferebatur
1294 1624 1354 1674 (cf.
1399 1628 1568 1663 Dracont.

214 1692 257 1725 de
287 1693 380 1736 rapt.
410 1691 490 1726 Hel.
519 1702 553 1726 v.
584 1692 784 1736 68-—102‚
826 1691 869 1726 cf.
899 1691 1059 1726 Ribbeck
1087 1691 1168 1726 l.'c.
1196 1703 1231 1736 p.
1261 1686 1338 1738 91).
1367 1708 1420 1714 —
1447 1690 1568 1737 Atque

214 1755 309 1801 quod
338 1756 524 1792 Menelaus
553 1755 676 1791 Paridi
707 1758 913 1792 monstrans
948 1755 1097 1803 fingitur
1130 1755 1279 1801 spartes
1311 1756 1568 1802 memorabilia,

214 1821 302 1855 haec
331 1820 475 1866 quidem
504 1821 676 1866 cogitatio
705 1821 750 1856 ab
779 1820 937 1865 antiquis
965 1820 1082 1865 poetis
1109 1820 1272 1864 profecta
1300 1819 1442 1855 videtur
1473 1831 1567 1866 esse3

216 1883 352 1921 similia
381 1883 530 1921 Ovidius
559 1884 703 1931 quidem
731 1886 857 1921 narrat
885 1880 988 1932 (Met.
1017 1883 1118 1930 XIII,
1150 1885 1225 1920 635
1256 1878 1335 1933 sq.).

322 1951 451 1995 Itaque
491 1951 638 1985 mirifice
679 1950 840 1986 eruditus
880 1952 918 1984 et
955 1949 1141 1994 perspicax
1179 1961 1264 1984 sane
1298 1949 1428 1985 fuisset
1460 1950 1567 1985 homo

306 2034 328 2041 ‚⁵-

252 2119 256 2123 .
303 2098 333 2137 1)
357 2096 399 2128 cf.
417 2097 635 2129 Luckenbach
656 2096 691 2128 in
714 2096 825 2129 annal.
849 2095 967 2137 philol.
988 2095 1104 2136 Suppl.
1125 2095 1181 2136 XI,
1201 2106 1233 2136 p.
1253 2098 1315 2127 592
1329 2105 1394 2135 sq.;
1426 2094 1568 2128 Weleker

213 2150 281 2181 alte
306 2150 345 2182 D.
370 2150 410 2190 V,
433 2161 466 2191 p.
490 2153 570 2190 3803
595 2150 744 2183 Frank-el
772 2149 806 2181 in
835 2149 946 2182 annal.
971 2148 1141 2181 archaeol.
1167 2152 1249 2181 1873
1272 2159 1304 2189 p.
1329 2152 1381 2189 37,
1403 2147 1461 2180 ubi
1484 2147 1567 2181 locis

214 2203 328 2236 citatis
357 2204 463 2237 addas
492 2204 730 2247 mythograph.
760 2203 869 2236 Vatic.
899 2203 924 2245 I,
949 2206 1029 2244 2083
1066 2203 1106 2244 11,
1129 2207 1211 2243 2063
1244 2202 1362 2235 Liban.
1392 2212 1479 2235 narr.
1509 2206 1567 2244 543

213 2258 455 2291 Westermann
478 2258 647 2300 mythogr.
671 2269 702 2300 p.
726 2261 805 2297 3793
830 2257 939 2290 Schol.
965 2257 1041 2290 Eur.
1066 2258 1146 2290 Hec.
1172 2260 1244 2289 643.

302 2314 335 2352 2)
359 2312 401 2346 ef.
430 2311 578 2344 0.Ja1m
606 2312 773 2344 archaeol.
798 2311 955 2352 Beitrage
978 2322 1009 2352 p.
1035 2313 1106 2343 338.
1148 2309 1381 2342 Commemoro
1403 2310 1468 2342 hoc
1491 2310 1567 2343 loco

213 2376 326 2397 errare
357 2365 557 2405 Fuchsium,
592 2364 650 2405 qui
683 2365 771 2396 hanc
800 2363 1003 2396 Ovidianam
1035 2364 1188 2396 fabulam
1222 2363 1390 2395 diversam
1423 2372 1495 2395 esse
1524 2363 1567 2396 ab

210 2418 339 2460 Hygini
367 2419 560 2451 narratione
589 2417 689 2458 dicit,
719 2418 761 2452 cf.
790 2417 862 2450 eius
892 2417 975 2459 disp.
1006 2417 1047 2449 de
1075 2416 1242 2449 varietate
1271 2415 1462 2448 fabularum
1485 2417 1565 2450 troi-

213 2480 327 2504 carum
350 2483 381 2513 p.
406 2475 458 2504 38.
