1745 2813
197 237 354 272 libenter
392 235 436 272 de
476 235 559 282 tali,
597 236 742 281 qualem
775 235 917 272 Riesius
951 235 1015 272 alii
1049 238 1231 284 statuunt,
1269 238 1370 274 fonte
1402 237 1556 285 cogitari

196 312 302 346 posse
335 300 576 337 concederem.
633 300 684 335 At
722 300 801 345 ipsa
834 300 961 336 fabula
992 301 1195 346 pertexitur
1231 302 1270 337 et
1302 302 1468 347 expletur
1501 314 1555 348 ep.

197 365 279 400 XX:
314 365 487 400 narratur
519 365 590 400 iter
623 363 824 410 Cydippae,
859 365 1059 411 explicatur
1091 366 1231 411 primus
1259 366 1448 413 utriusque
1476 378 1555 403 con·

197 439 362 475 gressus,
394 429 526 465 dicitur
559 428 602 463 de
637 428 793 474 repetito
830 429 956 465 morbo
992 428 1192 476 Cydippae,
1225 432 1263 466 et
1296 430 1416 467 omnia
1449 442 1555 477 expo·

199 495 336 529 nuntur
363 496 441 530 tam
468 494 566 529 recte
595 495 751 540 apteque
780 496 818 529 et
844 495 921 529 tam
948 494 1070 541 plene,
1105 496 1147 531 ut
1173 495 1262 531 haec
1296 495 1453 532 scribere
1473 507 1557 535 ,non

200 557 271 592 nisi
294 569 378 592 eum
399 558 561 603 potuisse
584 560 769 602 appareat,
798 558 861 604 qui
883 559 1093 603 cognoverit
1113 559 1276 594 fabulam
1303 561 1419 595 totam
1447 561 1556 606 atque

200 632 280 656 eam
307 622 481 666 fabulam,
510 632 619 667 quam
648 622 791 656 saeculo
815 621 882 656 XV
904 621 974 657 nisi
996 622 1077 667 ipsa
1099 623 1255 667 epistula
1277 623 1422 659 Acontii
1444 623 1558 659 latina

199 685 260 720 vix
292 685 459 732 cuiquam
493 687 618 721 notam
658 685 770 720 fuisse
805 684 1037 720 statuendum
1072 688 1137 721 est.
1193 686 1285 722 Nam
1321 689 1448 723 auctor
1481 687 1557 722 'eius

200 761 273 784 non
301 749 422 785 extitit
455 750 550 785 alter
582 751 728 794 praeter
762 760 873 784 unum
901 749 1173 785 Aristaenetum
1200 745 1273 798 (epe
1290 750 1319 796 I,
1340 747 1424 799 10),
1457 751 1557 786 cuius

201 814 307 850 fictae
332 813 507 859 epistulae
531 816 697 849 servatae
720 815 805 849 sunt
821 824 892 849 uno
910 813 1106 859 exemplari
1124 813 1403 860 vindobonensi,
1426 826 1470 850 ex
1487 827 1556 861 quo

201 889 261 913 eos
295 878 434 922 primus
469 878 581 913 edidit
608 877 843 912 Vindobonae
881 877 1080 913 Sambucus
1114 889 1207 913 anno
1241 872 1432 914 MDLXV.'
1473 878 1558 914 Per-

201 943 293 978 miro
327 943 441 989 igitur
468 942 629 988 profecto
658 953 744 978 casu
770 942 908 977 factum
937 944 1049 987 esset,
1084 942 1115 977 si
1142 942 1203 978 ille
1231 943 1308 988 ipse
1335 942 1446 979 codex
1472 945 1559 978 tunc

202 1018 245 1041 ex
278 1007 439 1041 tenebris
473 1006 713 1040 bibliothecae
748 1005 898 1040 alicuius
930 1006 1121 1050 Apulicae,
1154 1007 1249 1041 unde
1282 1017 1375 1042 anno
1403 1006 1558 1041 MDLXI

203 1071 248 1104 ab
275 1070 355 1115 ipso
380 1069 557 1105 Sambuco
586 1070 815 1114 comparatus
844 1065 950 1117 estl),
978 1070 1103 1104 erutus
1131 1069 1165 1104 ei
1194 1071 1290 1105 esset
1314 1070 1468 1114 oblatus,
1497 1069 1559 1116 qui

203 1133 418 1169 Ovidianam
445 1133 638 1179 epistulam
666 1133 876 1169 continuare
903 1133 942 1167 in
970 1133 1088 1169 animo
1116 1134 1276 1169 haberet.

312 1197 384 1233 Sed
410 1198 478 1233 hoc
507 1197 617 1233 etiam
646 1197 677 1233 si
704 1197 783 1233 fieri
809 1197 972 1242 potuisse
1000 1198 1176 1233 vellemus
1201 1197 1338 1244 largiri,
1367 1197 1450 1233 hinc
1471 1208 1558 1233 non-

203 1263 289 1297 dum
313 1261 494 1298 credibilis
513 1261 685 1298 evaderet
701 1273 809 1297 causa
826 1260 946 1297 Riesii.
974 1261 1100 1307 Neque
1118 1261 1214 1297 enim
1231 1262 1412 1299 serviliter
1427 1261 1561 1308 pendet

204 1328 250 1361 ab
272 1326 497 1361 Aristaeneti
515 1326 671 1371 epistula
688 1326 719 1361 is
744 1325 805 1370 qui
827 1326 1028 1370 composuit
1050 1326 1217 1361 ultimam
1235 1337 1288 1371 ep.
1308 1325 1426 1362 Ovid.:
1449 1325 1559 1360 immo

204 1391 315 1426 habet
349 1390 511 1425 fabulam
546 1389 774 1435 ampliorem,
809 1388 910 1424 addit
944 1388 1121 1434 quaedam
1155 1400 1277 1424 rerum
1304 1391 1486 1425 momenta
1514 1390 1560 1424 ab

205 1455 436 1489 Aristaeneto
471 1448 652 1500 omissa²)‚
687 1452 860 1488 nonnulla
892 1454 1018 1487 narrat
1052 1452 1281 1498 explicatius,
1321 1453 1442 1488 omnia
1475 1455 1560 1499 apta

204 1529 246 1553 ac
268 1517 375 1552 docta
397 1527 519 1551 rerum
541 1515 655 1561 copia,
678 1527 794 1562 neque
812 1516 887 1551 ullo
911 1515 1017 1551 modo
1040 1518 1165 1561 peccat
1189 1517 1253 1551 aut
1277 1515 1315 1551 in
1337 1516 1445 1552 rebus
1468 1517 1558 1552 anti-

204 1581 284 1627 quis
319 1583 382 1616 aut
410 1580 447 1615 in
475 1581 594 1615 colore
625 1591 685 1624 eo,
719 1591 826 1625 quem
854 1579 983 1615 merito
1012 1582 1242 1626 expectamus
1270 1579 1316 1627 in*
1335 1580 1491 1626 epistula
1518 1593 1561 1616 ex

205 1646 352 1680 auctore
375 1644 620 1679 Alexandrino
643 1639 800 1692 ducta-³).
847 1644 1080 1679 Admirabilis
1103 1655 1189 1679 sane
1212 1645 1250 1679 et
1272 1643 1454 1681 doctrinae
1477 1645 1560 1680 sub-

296 1739 327 1777 1)
350 1712 536 1767 ln—co—dicis
554 1734 647 1766 illius
665 1734 940 1767 Vindobonensis
958 1734 1043 1775 (cod.
1063 1745 1124 1767 ms.
1142 1735 1224 1776 phil.
1243 1745 1292 1776 gr.
1311 1734 1433 1776 CCCX)
1451 1735 1561 1777 prima

205 1791 332 1833 pagina
354 1789 537 1821 adnotatur
554 1788 680 1820 librum
697 1798 785 1821 anno
804 1787 1041 1821 MDLXXVIII
1064 1788 1106 1821 de
1125 1788 1279 1821 Johanne
1296 1788 1464 1821 Sambuoo
1487 1789 1560 1821 red-

163 1881 170 1888 ·
206 1846 336 1877 emtum
358 1853 442 1883 esse,
466 1842 523 1883 qui
545 1842 618 1883 ipse
642 1852 719 1874 eum
741 1842 776 1874 in
802 1841 928 1883 Apulia
950 1851 1037 1874 auno
1054 1841 1195 1873 MDLXI
1213 1842 1468 1892 comparaverit.
1501 1843 1560 1874 At—
1619 1868 1626 1873 ,

205 1908 271 1938 que
288 1895 488 1930 Lambecius
511 1896 561 1936 (in
583 1895 770 1937 appendice
787 1896 808 1928 1.
827 1895 883 1927 V1.
902 1894 1031 1936 primae
1053 1894 1372 1933 commentariorum
1389 1895 1560 1937 editionis)

207 1951 412 1983 Sambucum
435 1959 497 1981 sua
519 1959 622 1981 mauu
643 1949 728 1981 haec
745 1948 956 1991 inscripsisse
979 1949 1124 1981 testatur
1147 1950 1181 1982 et
1197 1951 1333 1991 praeter
1349 1949 1446 1982 illum
1465 1950 1560 1983 Sam-

205 2004 285 2037 buci
312 2004 437 2036 librum
465 2003 570 2035 alium
593 2001 801 2035 Aristaeneti
829 2002 982 2035 codicem
1003 2003 1076 2034 tum
1098 2013 1167 2036 non
1193 2003 1306 2036 fuisse.
1352 2003 1466 2036 Debeo
1498 2003 1561 2036 has

192 2057 348 2090 -notitias
364 2057 496 2096 Birkio,
513 2055 756 2088 humanissimo
774 2055 960 2097 imperialis
977 2055 1205 2089 bibliothecae
1217 2056 1487 2089 Vindobonensis
1503 2056 1562 2088 ad-

206 2109 439 2143 ministratori.

293 2166 329 2204 2)
352 2163 465 2195 Unum
492 2162 592 2194 huius
621 2162 671 2194 rei
699 2162 804 2195 affero
833 2162 1024 2204 exemplum
1052 2162 1152 2194 facile
1183 2161 1437 2204 gravissimum,
1471 2164 1562 2204 quod

209 2217 421 2260 significatur
443 2216 509 2248 iter
533 2215 705 2258 Cydippae
728 2216 789 2256 ita,
812 2217 851 2248 ut
873 2214 1024 2248 Athenas
1048 2215 1196 2257 patriam
1220 2215 1292 2248 eius
1316 2216 1435 2249 urbem
1458 2227 1562 2259 agno-

211 2281 354 2310 scamus,
390 2279 476 2310 quae
509 2269 648 2301 eaedem
672 2270 762 2311 apud
786 2269 1033 2302 Callimachum
1062 2268 1134 2301 eius
1162 2269 1275 2311 patria
1301 2269 1453 2310 fuerunt,
1486 2281 1562 2303 cum

209 2324 444 2357 Aristaenetus
476 2325 511 2355 et
539 2321 606 2365 ep?
620 2323 758 2356 Acontii
780 2323 911 2356 nullam
935 2323 1086 2355 locorum
1111 2321 1392 2364 significationem
1414 2323 1563 2357 habeant

210 2378 265 2418 (cf.
289 2376 440 2417 Dilthey,
464 2376 506 2408 de
530 2375 614 2408 Call.
639 2376 718 2417 Cyd.
742 2387 775 2417 p.
800 2380 841 2408 48
865 2378 938 2417 sq.).

296 2432 329 2471 3)
353 2429 402 2463 Cf.
418 2439 445 2461 e.
458 2440 490 2471 g.
502 2428 727 2470 veriloquium
739 2439 818 2462 vere
825 2428 1092 2461 Alexandrinum
1104 2426 1241 2460 Acontii
1251 2428 1397 2461 nominis
1404 2441 1433 2462 v.
1442 2433 1504 2462 209
1512 2441 1560 2471 sq.

210 2485 243 2526 (l.
253 2494 281 2516 c.
288 2495 320 2526 p.
328 2487 367 2515 41
377 2484 450 2524 sq.).
472 2482 632 2516 Ceterum
640 2483 753 2516 omnia
760 2493 846 2525 quae
853 2482 1055 2516 adumbravi
1067 2481 1161 2515 vides
1173 2482 1298 2524 exponi
1309 2494 1330 2516 a
1340 2482 1502 2526 Diltheyo
1509 2484 1531 2517 l.
1540 2484 1563 2519 1.
