1745 2813
710 149 753 154 -
813 116 862 164 27
925 149 965 154 -

272 237 428 273 Versum
454 239 551 282 -137,
586 238 630 272 ut
656 236 705 271 in·
721 235 825 272 libris
858 237 929 281 est,
961 236 1061 271 varie
1095 236 1283 272 defendere
1318 235 1513 270 voluerunt

165 301 328 336 homines
354 300 463 346 docti,
491 299 555 335 sed
582 311 705 335 omnes
727 292 1046 344 interpretationes
1068 311 1150 334 eum
1172 301 1278 344 plane
1300 301 1512 345 corruptum

159 375 244 401 ‘esse
271 364 510 400 testabantur.
565 360 681 408 Nunc,
707 364 752 398 ut
778 363 917 397 ceteras
945 362 1112 397 omittam
1140 363 1379 408 coniecturas,
1412 364 1511 408 inge-

165 429 266 464 niose
293 427 483 468 Palmerus
492 422 521 472 ¹)
549 427 727 463 medelam
754 425 962 482 adhibuisse
990 428 1055 462 aut
1082 428 1179 462 certe
1206 427 1340 462 iustam
1373 429 1511 472 aptam-

167 504 238 539 que
264 491 481 527 sententiam
510 490 634 526 versui
661 490 829 526 intulisse
856 489 1002 526 videtur
1028 489 1095 525 ita:
1167 498 1171 504 ’
1210 491 1213 494 ’

275 553 365 591 ‘Nec
392 556 496 591 labor
523 557 579 591 est
606 555 723 591 celare
752 574 803 580 -—
831 555 919 591 licet
945 566 1135 601 peccemus
1166 574 1211 580 —
1242 550 1428 591 amorem'.

166 620 385 665 Expositum
422 620 537 665 igitur
575 621 630 655 est
668 619 834 654 Phaedra
872 619 942 654 sibi
980 621 1018 654 et
1056 618 1256 665 Hippolyto
1303 620 1413 655 licere
1456 630 1512 653 co-

166 695 245 718 ram
273 683 439 719 omnibus
466 684 563 719 inter
590 695 627 719 se
655 694 788 728 amare,
817 683 986 729 quoniam
1014 683 1159 729 cognati
1182 683 1265 729 sint,
1292 685 1403 729 atque
1424 683 1513 717 haec

135 795 139 802 Ι
166 748 322 793 explicat
348 760 381 784 v.
413 749 622 786 132—140
650 749 688 782 et
718 748 805 792 145,
835 748 923 783 146.
973 746 1109 782 Versus
1141 748 1228 793 141,
1258 749 1333 782 142
1361 747 1512 783 circum-

168 812 312 858 scripsit
335 798 650 863 Shuclrburgliius3
677 822 793 858 neque
815 811 954 857 dubito,
981 811 1080 857 quin,
1108 811 1204 858 quod
1231 811 1407 857 praebent
1435 822 1512 846 sen-

167 876 322 912 tentiam
348 877 474 912 tritam
503 887 544 911 ac
572 876 760 922 vulgarem
788 877 826 911 et
853 887 875 911 a
902 878 979 911 toto
1007 876 1086 911 loco
1113 876 1220 922 plane
1248 876 1419 921 alienam,
1454 875 1513 911 de-

167 939 265 974 lendi
299 939 382 974 sint.
435 939 518 974 Non
550 950 635 974 sane
668 939 854 974 illustrare
888 940 969 975 vult
1000 942 1124 985 poeta,
1158 951 1250 985 quae
1278 939 1513 975 difficultates

167 1004 374 1040 subeundae
409 1014 481 1038 non
515 1003 589 1038 sint
615 1005 746 1038 amato.
773 1022 823 1027 —
851 1003 977 1050 Neque
1004 1015 1091 1039 vero
1119 1016 1151 1040 v.
1184 1005 1270 1050 143,
1302 1004 1377 1039 144
1405 1003 1513 1039 liberi

167 1070 252 1103 sunt
279 1080 301 1103 a
329 1068 545 1114 suspicione:
573 1068 647 1113 ille,
676 1067 771 1114 quod
797 1079 871 1103 non
897 1079 970 1103 una
997 1069 1034 1103 in
1062 1069 1167 1103 domo
1195 1070 1281 1113 tum-
1298 1068 1391 1104 vivit
1412 1070 1510 1103 uter-

167 1143 254 1179 que,
292 1132 366 1178 hic,
405 1132 500 1178 quod
538 1126 690 1167 minime
726 1142 770 1166 ex
809 1131 1001 1177 Hippolyti
1038 1134 1170 1167 natura
1208 1131 1325 1168 dictus
1365 1134 1421 1168 est
1449 1128 1509 1180 (ef.

169 1198 218 1233 73
248 1208 300 1243 sq.
331 1198 405 1232 165
436 1208 486 1242 sq.
519 1192 622 1245 173).
666 1196 787 1242 Atque
816 1197 927 1232 etiam
954 1198 1070 1243 magis
1087 1193 1224 1243 forma,
1251 1209 1324 1243 qua
1350 1197 1510 1233 vestiun-

165 1263 227 1296 tur
259 1261 513 1306 cogitationes,
549 1263 605 1296 cst
638 1261 740 1295 exilis
773 1261 917 1307 ingenii.
978 1262 1071 1296 Nam
1105 1261 1174 1297 etsi
1212 1261 1309 1306 apud
1342 1260 1512 1297 Ovidium

166 1327 365 1371 appareant
389 1336 536 1372 yersus,
563 1325 626 1370 qui
653 1325 692 1360 in
718 1324 834 1360 altera
860 1327 965 1371 parte
992 1325 1122 1371 prioris
1149 1325 1262 1361 verba
1287 1326 1349 1362 vix
1369 1328 1513 1362 mutata

165 1391 342 1435 repetant,
370 1389 462 1425 tales
490 1400 616 1425 versus
644 1388 735 1424 duos
764 1400 841 1424 sese
870 1389 1088 1435 excipientes
1115 1400 1300 1435 nunquam
1326 1390 1457 1435 posuit.

273 1463 337 1509 VI,
356 1464 524 1500 85—92.
552 1463 602 1498 Hi
623 1474 765 1510 quoque
787 1475 912 1499 versus
935 1464 1174 1509 suspicionem
1201 1466 1359 1508 movent,
1387 1475 1511 1510 quam-

166 1540 275 1575 quam
303 1540 419 1563 sermo
446 1528 507 1563 vix
535 1528 656 1563 differt
683 1529 729 1563 ab
757 1527 945 1564 Ovidiano.

272 1592 541 1631 Enumerantur
567 1591 664 1627 enim
696 1592 814 1627 malae
835 1583 990 1627 *Medeae
1023 1594 1121 1628 artes
1155 1594 1263 1638 atque
1298 1603 1377 1637 eae,
1415 1593 1459 1627 ut
1492 1601 1511 1626 e

167 1668 198 1691 v.
229 1657 278 1692 83
308 1657 345 1690 et
374 1657 422 1691 93
452 1667 503 1701 sq.
531 1655 766 1700 concluditur,
795 1656 927 1702 quibus
954 1656 1150 1691 emeruerit
1176 1656 1372 1702 coniugem.
1424 1656 1512 1691 Arc·

165 1720 240 1755 tius
267 1709 363 1755 enim
390 1718 610 1754 definiuntur
637 1718 675 1753 in
701 1730 810 1754 versu
838 1720 904 1755 93:

466 1779 574 1819 ‘Male
602 1783 789 1829 quaeritur
816 1782 938 1818 herbis
967 1811 974 1818 .
994 1811 1002 1818 .
1022 1811 1029 1818 .
1048 1811 1056 1819 .
1085 1779 1209 1818 amor’.

166 1848 241 1883 Eae
269 1859 355 1884 vero
383 1847 588 1883 indicantur
615 1858 648 1882 v.
678 1847 740 1892 83,
769 1848 836 1892 84,
870 1858 952 1882 cum
979 1848 1120 1882 ceterae
1154 1847 1231 1882 eius
1259 1849 1357 1882 artes
1389 1848 1512 1892 potius

165 1912 409 1958 praetermitti
446 1910 639 1948 videantur
677 1913 715 1947 et
753 1910 947 1957 significari
982 1922 1084 1956 voce,
1117 1907 1169 1946 ‘et
1202 1922 1294 1957 quae
1324 1910 1512 1947 nescierim

166 1973 320 2011 melius'.
380 1977 474 2011 Nam
506 1976 570 2011 ubi
601 1975 843 2020 concluditur,
883 1977 1058 2021 quantum
1091 1975 1291 2020 periculum
1323 1975 1512 2011 immineat

166 2040 212 2076 ab
241 2040 305 2075 illa
331 2039 458 2080 Jasoni
486 2034 697 2088 (95—98),
729 2039 815 2074 illae
849 2039 893 2074 de
921 2039 1052 2086 quibus
1080 2039 1280 2086 loquuntur
1306 2051 1339 2074 v.
1369 2040 1431 2084 83,
1460 2040 1510 2075 84

166 2105 415 2140 monstrantur
446 2115 479 2139 v.
516 2105 582 2149 97,
618 2105 685 2140 98:
729 2105 769 2139 at
807 2114 900 2149 quae
942 2103 1125 2139 adduntur
1164 2104 1349 2148 85—-92,
1385 2114 1511 2139 earum

166 2168 218 2205 ibi
252 2168 355 2204 nulla.
394 2167 446 2205 fit,
471 2167 617 2204 mentio.
654 2186 705 2192 —
743 2167 783 2202 Si
818 2178 904 2203 vero
943 2167 1147 2203 accuratius
1186 2167 1225 2202 in
1263 2178 1388 2202 versus
1428 2167 1511 2203 illos

167 2234 325 2273 85—,92
353 2232 579 2278 inquirimus,
607 2234 769 2267 monstra
797 2231 901 2278 quasi
928 2232 1106 2277 quaedam
1128 2231 1263 2267 artium
1287 2231 1362 2267 sine
1386 2231 1511 2268 ordine

167 2298 334 2342 correpta
366 2296 403 2331 in
435 2295 487 2331 eis
520 2295 696 2331 contineri
729 2295 909 2341 videmus,
948 2307 1042 2342 quae
1081 2296 1167 2343 quin
1201 2307 1243 2331 ex
1276 2296 1412 2331 maiore
1447 2296 1512 2331 illa

257 2431 288 2471 1)
307 2429 430 2462 Edidit
452 2440 526 2463 eam
547 2429 778 2464 ,coniecturam
801 2429 1038 2472 Sedlmayerus
1060 2429 1095 2462 in
1124 2429 1366 2463 commentario
1395 2430 1513 2464 critico

167 2482 210 2515 ad
231 2482 345 2517 locum
368 2483 475 2516 illum.
