1745 2813
791 156 833 160 -
897 133 1052 171 66--

241 244 360 277 strant
383 241 549 277 Paridem
577 241 615 277 in
642 242 721 288 ipsa
749 242 907 288 epistula
934 241 1091 288 primum
1118 240 1258 277 itineris
1284 242 1431 276 causam
1458 240 1600 287 aperire

241 308 278 341 et
306 306 369 341 alii
402 307 472 342 loci
505 318 588 342 eum
623 318 704 342 cum
732 302 873 341 Helena
907 308 1015 341 antea
1049 306 1092 341 de
1125 317 1171 341 ea
1203 316 1243 340 re
1270 304 1370 350 loqui
1395 316 1470 340 non
1495 307 1600 350 potu-

240 371 313 406 isse
355 370 568 406 confirmant
607 366 701 419 (XV,
725 371 801 406 215
828 382 879 416 sq.
909 371 985 406 257
1010 365 1091 419 sq.).
1153 370 1308 406 Insciam
1342 369 1456 415 igitur
1487 369 1600 405 totius

242 435 296 470 rei
323 446 346 470 a
373 437 482 481 poeta
510 435 661 482 cogitari
685 434 872 480 Helenam,
900 446 981 470 cum
1009 435 1116 470 detur
1137 434 1277 470 Paridis
1300 433 1466 480 epistula,
1490 444 1602 479 appa-

241 501 308 534 ret.
371 500 490 544 Atque
529 499 622 534 hanc
661 499 737 534 eius
776 499 955 534 inscitiam
993 500 1172 534 remotam
1206 509 1287 534 esse
1319 499 1427 544 putat
1458 496 1601 532 Riesius

243 559 332 612 (Lit.
351 563 538 599 Oentralbl.
572 562 674 599 1879
704 576 737 609 p.
759 558 852 611 777)
881 562 1046 598 versibus
1076 564 1127 599 20
1140 574 1190 607 sq.
1221 563 1271 598 35
1286 574 1336 608 sq.
1369 563 1444 599 163
1458 573 1520 607 sq.‚
1548 561 1602 597 ita

245 629 287 662 ut
314 627 352 662 in
379 638 551 672 responso
581 638 704 662 omnes
733 638 791 662 res
820 627 853 661 ei
882 626 954 661 sint
980 626 1207 661 notissimae!
1246 645 1291 651 —
1323 626 1460 661 Verum
1489 625 1599 660 enim-

240 702 328 727 vero
356 703 400 727 ex
427 690 501 726 illis
529 691 618 726 locis
646 691 736 726 nihil
764 693 917 736 apparet
943 690 1014 726 nisi
1042 690 1219 726 Helenam
1247 702 1268 726 a
1295 690 1437 726 Venere
1461 689 1601 725 Paridis

228 755 404 789 'thalamo
433 766 512 789 esse
539 755 754 799 promissam
782 750 836 801 (v.
856 756 917 798 20,
948 755 1009 799 35,
1028 749 1124 802 296)
1153 756 1191 789 et
1218 765 1240 788 a
1263 754 1392 788 Paride
1418 765 1497 789 eam
1521 753 1601 788 aliis

245 817 394 854 Iunonis
429 820 466 854 et
495 818 678 853 Minervae
708 817 894 863 promissis
923 829 1001 853 esse
1029 817 1272 863 praepositam
1301 813 1397 867 (163
1410 812 1490 865 sq.).
1546 817 1601 853 Ne

244 883 396 918 verbum
419 882 564 928 quidem
587 882 630 917 de
654 882 803 917 dearum
826 883 901 927 lite,
927 882 970 917 de
994 894 1187 928 congressu
1210 894 1334 917 earum
1357 894 1438 918 cum
1460 882 1601 926 Paride,

244 947 287 981 de
311 957 420 982 causa
441 946 531 992 ipsa,
554 958 618 982 cur
638 946 786 982 tandem
809 947 897 982 deae
919 946 1001 982 illas
1024 958 1081 982 res
1104 946 1286 992 pollicitae
1309 946 1382 982 sint
1403 946 1535 991 Paridi,
1557 945 1602 981 de

246 1011 377 1046 iudicio
405 1011 493 1056 ipso.
544 1012 658 1056 Atqui
681 1011 868 1055 Helenam,
897 1023 1005 1056 quam
1029 1023 1048 1046 e
1071 1011 1211 1046 Paridis
1234 1011 1391 1056 epistula
1413 1010 1526 1046 totius
1549 1011 1601 1045 rei

247 1075 397 1110 insciam
414 1086 493 1110 esse
510 1077 669 1121 putares,
693 1075 737 1110 de
756 1075 921 1116 omnibus
939 1075 993 1110 his
1013 1087 1077 1111 sua
1094 1077 1221 1120 sponte
1239 1075 1337 1121 loqui
1353 1086 1459 1121 posse
1476 1074 1601 1110 audio!

245 1139 365 1185 Atque
393 1137 448 1174 illi
476 1139 616 1175 Paridis
645 1140 821 1185 epistulae
849 1151 991 1185 versus,
1026 1140 1155 1185 quibus
1182 1140 1313 1175 nititur
1340 1140 1498 1185 Riesius,
1527 1150 1600 1174 am-

243 1203 396 1248 pliorem
429 1203 574 1238 fabulae
610 1204 855 1239 narrationem
890 1203 1048 1239 adfuisse
1081 1205 1273 1240 testantur.
1330 1204 1473 1239 Priores
1506 1203 1602 1238 enim

199 1288 202 1291 -
244 1279 370 1304 versus
404 1279 482 1304 rem
516 1268 569 1303 ita
604 1268 822 1315 significant,
857 1268 960 1314 quasi
995 1269 1040 1304 ad
1072 1268 1330 1304 accuratiorem
1357 1268 1602 1304 narrationem

244 1334 404 1367 attentos
437 1332 557 1367 facere
591 1332 719 1368 velint:
759 1345 792 1367 v.
824 1334 899 1368 163
915 1344 964 1377 sq.
999 1334 1185 1377 tamquam
1217 1344 1294 1367 rem
1326 1334 1450 1376 notam
1486 1332 1603 1367 obiter

244 1395 440 1441 stringunt.
474 1415 524 1419 —
560 1395 682 1430 Etiam
721 1395 837 1441 magis
871 1395 1026 1430 absurde
1060 1407 1102 1430 ac
1122 1388 1250 1430 'multo
1284 1395 1403 1431 minus
1436 1395 1601 1430 conveni-

244 1461 348 1494 enter
375 1459 546 1499 Helenae
569 1459 690 1494 verbis
725 1461 947 1494 statueretur
979 1460 1046 1494 hoc
1079 1459 1164 1504 poni
1197 1470 1219 1494 a
1254 1461 1377 1504 poeta,
1411 1461 1602 1508 postquam

244 1523 348 1558 Paris
383 1523 577 1568 epistulam
610 1523 783 1568 dedisset,
818 1535 900 1558 eum
930 1525 1071 1558 amatae
1098 1523 1241 1568 puellae
1269 1522 1492 1558 accuratiora
1521 1534 1602 1557 nar-

244 1598 355 1622 rasse.
410 1587 537 1631 Neque
550 1586 686 1636 *hercle
714 1588 843 1632 poetae
871 1587 984 1632 ipsius
1012 1587 1262 1633 neglegentiae
1291 1589 1328 1622 et
1354 1586 1513 1621 incuriae
1538 1586 1602 1622 tri-

243 1651 307 1686 bui
334 1653 473 1697 potest,
509 1650 604 1696 quod
632 1651 717 1686 illae
745 1651 891 1687 fabulae
920 1651 1074 1688 omissae
1103 1651 1190 1698 sint3
1224 1651 1309 1689 talis
1337 1653 1434 1687 certe
1462 1651 1603 1697 levitas,

245 1727 287 1751 eo
317 1716 436 1750 minus
470 1718 568 1752 esset
601 1716 831 1761 excusabilis,
866 1717 1034 1762 quoniam
1067 1716 1189 1762 agitur
1221 1718 1259 1751 et
1292 1716 1335 1751 de
1368 1716 1475 1751 rebus
1507 1727 1602 1763 'quae

245 1780 376 1815 summi
410 1781 584 1816 momenti
619 1783 719 1825 sunt,
753 1782 790 1816 et
824 1780 868 1815 de
902 1781 1059 1816 carmine
1093 1781 1190 1816 haud
1223 1780 1277 1816 ita
1309 1781 1434 1826 longo,
1467 1780 1505 1814 in
1532 1791 1603 1826 quo

245 1846 354 1889 poeta
381 1844 512 1879 fuisset
537 1846 613 1879 tam
637 1845 844 1894 obliviosus.
889 1845 1017 1889 Itaque
1040 1845 1105 1879 has
1128 1844 1172 1879 de
1195 1844 1324 1889 quibus
1346 1844 1458 1880 locuti
1481 1855 1604 1880 sumus

245 1918 303 1942 res
337 1918 360 1942 a
393 1907 524 1943 Paride
557 1910 725 1943 narratas
763 1908 875 1943 fuisse
909 1909 1003 1944 ratio
1036 1908 1115 1954 ipsa
1149 1908 1277 1943 suadet
1314 1909 1357 1943 ut
1391 1910 1603 1944 statuamus.

355 1972 434 2007 Iam
462 1984 548 2008 vero
578 1973 660 2008 illos
689 1973 786 2018 ipsos
810 1973 892 2009 CIV
919 1985 1056 2019 versus,
1085 1974 1146 2018 qui
1173 1974 1211 2008 in
1238 1974 1363 2019 primis
1386 1973 1604 2008 editionibus

245 2039 453 2082 emergunt,
490 2037 700 2081 inserendos
741 2048 820 2072 esse
853 2037 891 2072 in
924 2037 1063 2072 Paridis
1097 2037 1306 2082 epistulam,
1340 2037 1428 2072 haec
1460 2036 1603 2081 quidem

246 2100 426 2136 sententia
455 2100 536 2135 aliis
564 2112 705 2146 quoque
734 2102 957 2148 argumentis
986 2101 1228 2137 confirmatur.

353 2165 474 2210 Atque
504 2165 533 2199 si
563 2176 654 2200 saec.
676 2165 743 2199 XV
772 2168 893 2201 essent
921 2177 1058 2210 versus,
1086 2166 1312 2210 incorruptos
1340 2177 1400 2200 eos
1423 2166 1519 2201 tradi
1542 2177 1603 2212 ap-

245 2231 354 2274 teque
382 2229 479 2264 inter
507 2240 546 2264 se
575 2229 766 2265 cohaerere
794 2232 954 2275 putares.
1010 2230 1061 2265 At
1088 2231 1205 2265 multa
1231 2229 1479 2276 inveniuntur,
1513 2242 1604 2276 quae

247 2296 372 2339 aperte
406 2293 622 2338 corruptelis
655 2293 854 2339 depravata
889 2296 988 2340 sunt3
1021 2306 1136 2340 neque
1164 2293 1461 2339 interpolationes
1489 2296 1527 2330 et
1550 2295 1605 2330 la-

246 2370 359 2394 cunae
388 2358 603 2393 manifestae
632 2358 771 2395 desunt.

353 2423 516 2458 Primum
550 2423 669 2470 ipsum
703 2423 897 2471 distichon,
931 2426 973 2459 ut
1005 2435 1100 2459 nunc
1134 2434 1171 2459 se
1205 2422 1330 2466 habet,
1371 2422 1604 2460 Ruhnkenius

246 2484 401 2534 (dictata
428 2488 474 2522 ad
498 2485 601 2523 Ovid.
626 2488 700 2522 her.
724 2500 757 2533 p.
783 2484 850 2536 92)
881 2490 976 2523 recte
1005 2488 1168 2532 ineptum
1197 2498 1238 2522 ac
1265 2487 1323 2522 vix
1351 2487 1504 2522 latinum
1527 2500 1604 2524 esse
