1745 2813
722 172 988 211 „63-

177 279 382 328 explicetur.
445 281 571 328 Neque
602 282 641 317 in
673 282 741 318 hac
773 294 813 319 re
845 283 1065 319 haerendum
1099 285 1170 329 est,
1208 281 1305 329 quod
1337 283 1531 328 postquam

176 345 339 382 narravit
370 345 491 391 Paris,
529 348 665 391 quanta
700 357 794 382 cum-
815 346 1052 383 admiratione
1085 347 1242 392 primum
1274 346 1426 382 vidisset
1458 345 1531 380 He-

177 409 314 455 lenam,
347 409 480 445 iterum
512 412 769 446 commemorat
801 410 875 445 iam
902 413 1010 446 antea
1046 422 1084 446 se
1112 411 1156 446 de
1184 411 1261 446 eius
1288 410 1529 456 pulcritudine

177 473 343 508 audiisse.
399 473 494 508 Nam
525 474 593 508 hoc
626 474 744 519 ipsum
772 473 1057 509 additamentum
1084 474 1181 510 illius
1209 474 1386 509 enuntiati
1414 469 1528 522 (135)

176 536 251 573 vim
288 547 506 582 magnopere
544 538 664 583 auget.
707 556 754 561 —
795 537 957 582 Itemque
995 538 1084 573 bene
1123 537 1255 583 excipit
1292 548 1438 573 versum
1478 538 1527 572 38

177 611 304 649 versus
333 598 383 636 39
404 611 455 646 sq.

285 664 357 700 Sed
390 664 486 710 quod
518 665 692 700 maiorem
724 665 798 700 vim
834 664 960 708 habet,
993 666 1035 699 ut
1061 665 1196 699 relicua
1222 664 1364 700 Paridis
1392 667 1429 700 et
1455 664 1528 700 He-

176 729 279 763 lenae
313 729 490 774 epistulae
523 731 620 764 recte
653 729 927 774 intellegantur,
962 726 1043 762 CIV
1074 727 1130 762 illi
1161 738 1287 763 versus
1321 728 1410 762 adeo
1444 730 1528 763 sunt

176 793 383 839 necessarii,
412 795 454 829 ut
481 793 623 829 omissis
651 792 724 828 illis
752 793 829 828 sine
857 792 965 827 dubio
993 792 1122 827 lacuna
1149 792 1339 827 statuenda
1366 792 1415 828 sit
1424 789 1464 840 l).

284 857 433 893 Summa
466 869 606 903 eorum,
634 868 725 903 quae
753 857 982 893 continentur
1008 856 1080 891 illis
1108 856 1289 901 versibus,
1317 858 1456 901 spectat
1481 857 1527 891 ad

181 920 322 957 Paridis
350 922 521 958 iudicium
548 922 701 958 maxime
733 933 845 968 eaque
872 932 964 968 quae
997 923 1034 957 et
1066 923 1338 967 praecesserunt
1370 923 1408 957 et
1439 921 1528 957 illud

179 988 302 1022 secuta
330 989 423 1023 sunt.
474 987 561 1029 Quis
588 999 675 1024 vero
703 998 785 1023 cum
811 988 1001 1032 poetarum
1023 984 1218 1021 latinorum
1244 986 1322 1020 tum
1342 985 1528 1021 heroidum

178 1049 434 1086 Ovidianarum
460 1061 595 1097 gnarus
629 1051 790 1086 animum
822 1050 968 1086 inducet
1002 1050 1108 1085 huius
1142 1049 1319 1095 epistulae
1346 1051 1528 1085 auctorem

178 1116 254 1149 tam
286 1114 421 1150 bellam
453 1114 545 1149 illud
578 1114 803 1150 describendi
837 1114 1058 1149 occasionem
1090 1113 1212 1158 potius
1238 1113 1529 1158 praetermittere

177 1180 216 1212 et
248 1178 409 1213 breviter
441 1180 585 1213 tantum
617 1178 724 1212 modo
753 1178 820 1212 hoc
846 1178 953 1213 modo
986 1178 1050 1212 illo
1078 1177 1156 1212 loco
1184 1188 1262 1211 rem
1289 1177 1408 1211 obiter
1433 1188 1527 1211 com-

177 1252 378 1276 memorare
406 1241 588 1286 maluisse,
615 1253 724 1287 quam
751 1242 979 1287 aptissimum
1005 1240 1073 1276 hoc
1101 1243 1138 1276 et
1165 1241 1412 1287 gratissimum
1439 1241 1527 1276 arri-

177 1317 263 1351 pere
298 1306 576 1351 argumentum?
631 1305 709 1341 Hoc
743 1306 839 1341 enini
871 1306 910 1341 in
942 1305 1107 1340 omnibus
1140 1305 1217 1340 fere
1251 1305 1417 1351 epistulis
1450 1305 1528 1340 fieri

177 1370 350 1416 videmus,
381 1371 424 1405 ut
450 1372 559 1415 poeta
585 1372 670 1406 ante
699 1369 818 1405 omnia
844 1371 1053 1405 narrantem
1079 1369 1226 1405 inducat
1252 1369 1437 1405 heroinam
1465 1371 1529 1404 aut

176 1435 332 1479 heroem,
360 1434 421 1480 qui
448 1434 585 1471 factum
613 1435 671 1481 sit,
699 1437 741 1471 ut
770 1446 892 1471 amare
914 1434 1098 1480 inciperet.
1148 1434 1268 1480 Atque
1290 1446 1332 1469 eo
1355 1433 1529 1480 processit

176 1499 246 1534 hoc
270 1499 387 1544 ipsam
420 1499 583 1534 fabulam
616 1499 819 1537 delineandi
847 1499 1023 1545 studium,
1056 1501 1098 1533 ut
1130 1499 1329 1534 nonnullae
1352 1498 1528 1543 epistulae

178 1562 372 1598 maximam
392 1564 535 1609 partem
557 1563 691 1604 talibus
713 1563 846 1598 fabulis
868 1562 1109 1598 conficiantur.
1152 1562 1280 1608 Neque
1303 1562 1398 1598 enim
1420 1574 1527 1599 verae

109 1629 112 1630 ’
177 1633 262 1662 sunt
284 1627 470 1673 epistulae,
499 1628 561 1662 sed
588 1627 741 1663 lectores
764 1628 993 1673 potissimum
1015 1628 1195 1663 Romanos
1219 1627 1397 1662 delectare
1420 1630 1529 1672 poeta

176 1690 300 1737 elegiis
328 1690 444 1727 voluit
471 1690 557 1726 suis.
610 1714 613 1717 -

286 1755 346 1790 Ad
372 1756 574 1801 complures
602 1759 724 1791 autem
751 1767 810 1792 res
833 1756 981 1802 respicit
1003 1756 1163 1792 Helenae
1185 1767 1408 1801 responsum,
1435 1767 1526 1801 quae

177 1819 320 1854 omnino
347 1830 420 1854 non
447 1822 772 1856 commemorantur
799 1832 822 1855 a
843 1820 973 1856 Paride
995 1819 1066 1855 nisi
1087 1820 1126 1855 in
1148 1819 1230 1856 CIV
1252 1820 1324 1855 illis
1346 1820 1526 1866 versibus;

176 1885 284 1929 atque
318 1884 429 1919 etiam
463 1887 587 1930 aperte
616 1881 759 1921 Helena
792 1896 830 1920 se
861 1872 885 1920 a
912 1884 1042 1920 Paride
1074 1885 1153 1930 ipso
1186 1896 1244 1920 res
1277 1885 1358 1920 illas
1385 1896 1522 1929 compe-

175 1948 265 1983 risse
294 1947 390 1983 dicit.
440 1948 484 1983 Id
510 1948 583 1983 iam
611 1948 905 1995 demonstraturi,
931 1960 976 1984 ne
1004 1949 1060 1984 bis
1088 1948 1183 1984 idem
1210 1949 1314 1984 nobis
1336 1947 1523 1983 dicendum

177 2012 234 2057 sit,
262 2012 359 2047 locos
387 2014 425 2047 et
447 2012 607 2048 Helenae
635 2013 812 2058 epistulae
840 2016 879 2049 et
905 2014 1002 2049 illius
1030 2014 1145 2059 partis
1170 2015 1355 2058 suspectae
1377 2013 1446 2048 sibi
1469 2024 1521 2047 re-

176 2075 392 2121 spondentes
426 2088 695 2123 componamus,
728 2089 798 2123 quo
832 2077 1028 2113 efficiamus
1060 2080 1100 2113 et
1127 2077 1322 2112 desiderari
1349 2076 1524 2122 quaedam

148 2139 214 2176 oin
241 2140 381 2176 Paridis
415 2141 571 2187 epistula
603 2144 641 2177 et
669 2141 751 2177 CIV
785 2142 866 2177 illos
894 2153 1020 2178 versus
1048 2141 1094 2176 ad
1121 2142 1283 2176 lacunam
1311 2141 1523 2186 explendam

174 2204 334 2249 perfecte
362 2205 548 2250 quadrare.

263 2319 295 2359 1)
317 2318 367 2351 De
395 2319 461 2352 hac
488 2329 525 2352 re
552 2320 591 2351 ut
619 2318 660 2352 de
689 2329 820 2352 summa
846 2320 1119 2361 argumentorum
1147 2318 1281 2360 saepius
1310 2319 1522 2361 disputatum

180 2372 234 2403 est
256 2381 277 2404 a
294 2371 475 2413 Lennepio,
496 2372 634 2405 Loersio
655 2372 730 2405 aliis
750 2371 787 2404 in
809 2371 1022 2414 editionibus,
1045 2382 1067 2404 a
1088 2371 1234 2413 Werfero
1249 2372 1285 2404 in
1302 2372 1387 2405 actis
1404 2372 1523 2415 philol.

175 2425 305 2458 Monac.
323 2425 348 2457 Ι.
366 2437 399 2467 p.
419 2429 491 2465 512,
515 2436 537 2457 a
558 2425 766 2467 Sedlmayero
787 2425 886 2467 proll.
910 2426 983 2458 crit.
1007 2437 1039 2467 p.
1058 2429 1109 2458 34.
1143 2426 1216 2459 Hoc
1238 2426 1313 2459 loco
1335 2426 1440 2458 liceat
1460 2427 1523 2460 hos

175 2478 316 2520 afferre,
343 2489 385 2511 ne
413 2479 448 2511 in
475 2478 633 2520 singulis,
661 2488 747 2519 quae
774 2478 826 2510 illi
854 2479 921 2511 iam
944 2476 1182 2520 exposuerunt,
1211 2479 1349 2511 nomina
1371 2490 1455 2521 opus
1479 2481 1525 2512 sit

174 2532 338 2574 repetere.
