1745 2813
789 183 835 187 -,
894 138 1052 198 25-

243 269 382 316 aliquid
410 270 573 305 concludi
600 272 733 315 potest.
777 270 945 306 Vertitur
972 272 1095 306 autem
1122 270 1286 316 quaestio
1315 270 1353 305 in
1380 283 1413 306 v.
1439 272 1513 307 105
1544 283 1596 318 sq,

238 335 336 369 recte
370 333 634 380 intellegendis.
690 334 796 369 Hunc
829 334 948 369 locum
981 334 1135 379 Bittius,
1169 336 1211 369 ut
1238 334 1366 369 doceat
1393 334 1596 369 Phaedram

238 398 419 433 Troezene
449 397 676 434 habitantem
704 397 802 444 fingi,
830 398 884 434 ita
910 399 1174 444 interpretatur
1201 393 1242 446 (l.
1265 409 1294 434 c.
1316 409 1350 443 p.
1375 398 1452 433 403
1475 408 1509 432 n.
1535 392 1593 446 2):

225 457 320 506 ·‘Tu,
349 461 566 508 Hippolyte,
593 463 630 497 in
659 462 760 497 silvis
789 462 906 508 degis,
934 462 998 498 sed
1026 473 1092 508 ego
1121 473 1239 498 comes
1266 461 1335 498 tibi
1362 461 1504 497 veniam
1531 473 1592 496 ne-

238 538 307 572 que
341 526 438 562 feras
472 526 617 562 timebo.
679 526 752 562 Ubi
788 526 954 563 Isthmon
992 524 1104 574 (inter
1143 525 1273 572 oppida
1306 524 1520 561 Celenderin
1557 528 1594 562 et

239 586 463 638 Methanam)
499 591 615 626 maria.
648 591 719 626 duo
753 592 948 637 plangunt,
981 592 1032 626 ibi
1065 588 1177 639 (inter
1205 587 1308 639 saxa)
1337 580 1456 626 tecu'm
1484 591 1592 626 Troe-

235 666 323 689 zena
345 654 472 700 colam,
500 655 568 690 hoc
595 655 667 690 est:
696 666 780 689 rure
803 654 965 690 Pitthe'io
994 655 1109 700 ipsam
1137 654 1266 689 urbem
1288 654 1486 690 Pittheiam
1513 666 1590 689 mu-

235 718 339 763 tab03
378 718 452 753 iam
485 730 598 764 nunc,
637 719 704 754 hoc
744 721 815 764 est,
851 719 924 754 iam
958 709 1154 765 antequam
1186 719 1225 753 in
1257 719 1355 764 agris
1390 718 1594 756 Troezeniis

234 783 358 817 tecum
396 783 486 817 mihi
515 783 736 819 consuetudo
765 785 837 828 est,
872 783 1030 818 Troezen
1057 783 1146 817 mihi
1174 782 1315 828 gratior
1342 783 1398 818 est
1424 783 1504 827 ipsa
1530 794 1592 827 pa-

237 842 333 881 tria?
398 847 471 882 Sed
504 848 593 883 haec
626 847 735 883 nimis
775 849 943 883 contorta
983 849 1021 882 et
1059 848 1185 883 coacta
1222 846 1475 892 interpretatio
1514 857 1592 883 esse

235 910 326 945 mihi
353 911 509 947 videtur.

345 974 441 1016 Quid
469 975 590 1010 enim?
620 975 650 1010 si
678 975 758 1020 ipsa
785 975 859 1010 iam
883 975 1062 1010 Troezene
1091 976 1309 1020 versaretur,
1337 986 1435 1019 num,
1462 977 1506 1010 ut
1533 987 1591 1010 ex-

235 1038 372 1082 primat
399 1050 437 1073 se
466 1051 551 1074 rure
579 1039 696 1084 ipsam
723 1040 852 1074 urbem
880 1040 1022 1074 mutare
1050 1039 1088 1074 in
1117 1039 1237 1074 animo
1260 1039 1405 1084 habere,
1435 1050 1515 1073 eam
1536 1040 1593 1074 uti

236 1113 341 1147 posse
370 1103 480 1147 putas
507 1114 595 1138 voce
625 1099 821 1138 ‘Troezena
849 1098 979 1138 colere'
1009 1102 1128 1148 atque*
1151 1102 1300 1148 insuper
1330 1102 1455 1137 addita
1487 1114 1591 1138 accu-

237 1168 318 1201 rata
354 1166 617 1212 significatione
652 1162 829 1201 ‘Pitthe'ia
867 1162 1018 1212 regna'?
1079 1166 1201 1212 Atque
1239 1178 1272 1202 v.
1303 1167 1378 1202 108
1419 1167 1517 1202 omni
1554 1167 1592 1202 vi

237 1233 393 1276 careret,
428 1231 459 1266 si
488 1243 571 1266 eum
600 1231 668 1276 ita,
701 1232 744 1266 ut
771 1231 890 1265 voluit
917 1230 1069 1276 Birtius,
1097 1230 1430 1276 interpretaremur.
1480 1230 1591 1266 Plane

237 1295 346 1330 aliter
386 1306 423 1330 se
463 1306 521 1331 res
560 1295 687 1341 habet,
728 1295 758 1330 si
791 1295 946 1330 Athenis
986 1294 1179 1339 epistulam
1215 1294 1364 1330 mittens
1397 1294 1588 1340 cogitatur.

241 1359 336 1393 'rum
364 1359 501 1404 optimo
529 1359 609 1394 iure
633 1361 748 1394 totam
771 1359 873 1394 illam
896 1359 1157 1394 accuratiorem
1179 1358 1281 1393 addit
1303 1358 1591 1405 descriptionem,

242 1424 322 1457 tum
354 1423 511 1468 perbene
545 1419 633 1458 ‘iam
666 1419 774 1458 nunc'
809 1422 990 1457 Troezena
1022 1422 1102 1467 ipsa
1137 1422 1258 1466 patria
1291 1422 1360 1457 sibi
1393 1423 1591 1467 gratiorem

239 1498 317 1522 esse
346 1487 520 1532 affimat,
554 1488 688 1533 quippe
717 1487 803 1533 quia
830 1488 973 1521 amatus
1001 1486 1078 1531 ipse
1106 1486 1158 1521 ibi
1186 1488 1361 1523 versetur.
1391 1505 1440 1511 —
1470 1487 1590 1533 Atque

236 1550 411 1596 cogimur,
439 1553 483 1586 ut
509 1552 563 1586 ita
590 1552 710 1587 locum
737 1551 1010 1596 intellegamus,
1045 1549 1227 1595 versibus,
1256 1550 1318 1595 qui
1344 1550 1506 1595 proxime
1537 1563 1589 1586 se-

237 1616 409 1659 quuntur.
482 1615 663 1650 Narratur
701 1615 843 1650 Thesea
882 1615 1008 1650 abesse
1048 1616 1158 1659 atque
1195 1614 1333 1649 versari
1373 1614 1469 1659 apud
1501 1614 1592 1649 Piri-

237 1677 377 1723 thoum,
399 1679 442 1713 ut
473 1697 518 1702 -
550 1678 658 1712 aliter
685 1688 832 1712 versum
863 1679 938 1712 110
966 1677 1199 1722 interpretari
1226 1688 1298 1711 non
1324 1688 1516 1721 possumus
1543 1696 1587 1702 —

237 1741 347 1777 amici
369 1741 516 1777 intersit
537 1741 686 1787 nuptiis.
731 1741 813 1776 Non
834 1740 950 1787 igitur
971 1740 1035 1775 illa
1057 1739 1242 1786 Euripidis
1269 1739 1396 1775 fabula
1423 1740 1590 1786 sumitur,

235 1805 381 1840 Thesea
421 1817 504 1841 cum
537 1805 702 1840 Phaedra
736 1805 917 1840 Troezena
955 1804 1174 1850 profugisse,
1216 1815 1332 1854 neque
1365 1805 1463 1840 ullus
1496 1806 1590 1841 alius

240 1869 418 1914 epistulae
458 1870 559 1906 locus
598 1870 667 1905 hoc
706 1869 947 1913 demonstrat,
993 1868 1055 1904 sed
1095 1868 1147 1903 ibi
1185 1868 1400 1904 remansisse
1441 1868 1591 1915 fingitur

244 1933 426 1979 Phaedra,
454 1934 519 1970 ubi
547 1935 655 1981 antea
676 1945 759 1969 cum
787 1933 926 1968 Theseo
954 1933 1201 1978 habitaverat,
1229 1932 1383 1968 Athenis
1393 1927 1433 1981 ¹).

345 1997 450 2033 Nunc
477 2008 605 2033 versus
633 1997 730 2042 ipsos
759 1996 1015 2043 aggrediamur
1041 1997 1153 2032 variis
1175 1996 1292 2032 modis
1313 1997 1372 2032 vel
1394 1997 1590 2042 explicatos

239 2061 298 2096 vel
327 2061 552 2097 emendatos:
581 2060 645 2107 IV,
675 2062 750 2097 137
781 2073 857 2108 sqq.

326 2195 357 2236 1)
381 2193 476 2227 Haec
498 2193 682 2228 admodum
704 2194 818 2236 gravis
840 2193 1070 2237 discrepantia
1092 2195 1145 2228 est
1162 2193 1349 2228 Ovidianae
1373 2194 1538 2236 epistulae
1556 2196 1591 2228 et

238 2247 354 2288 Eurip.
372 2246 564 2288 Hippolyti,
590 2258 687 2288 quem
708 2247 800 2280 illius
824 2248 955 2280 fontem
981 2257 1054 2280 esse
1077 2248 1193 2281 censet
1209 2247 1336 2280 Bittius
1354 2248 1388 2287 (l.
1402 2258 1429 2280 c.
1442 2251 1504 2281 402
1517 2250 1589 2289 sq.).

237 2299 355 2342 Neque
384 2310 469 2341 quas
497 2299 596 2333 affert
623 2300 749 2333 similes
771 2299 946 2342 utriusque
968 2302 1091 2342 poetae
1115 2299 1355 2342 cogitationes,
1384 2310 1460 2332 cum
1482 2311 1589 2342 paene

235 2353 426 2387 tralaticiae
445 2354 525 2396 sint,
548 2363 624 2386 eam
640 2354 768 2387 habent
784 2353 865 2397 vim,
888 2356 927 2388 ut
943 2353 1089 2388 hominis
1107 2353 1201 2387 docti
1217 2353 1361 2387 fulciant
1377 2352 1588 2388 sententiam.

238 2408 386 2440 Externa
406 2406 544 2440 fabulae
568 2407 696 2449 species
718 2408 856 2450 propius
880 2408 1041 2442 accedere
1064 2407 1200 2441 videtur
1222 2408 1267 2439 ad
1290 2407 1467 2449 Sophoclis
1480 2408 1590 2441 Phae-

238 2461 335 2493 dram
369 2460 599 2502 deperditam,
633 2461 782 2494 ut'inde
815 2462 930 2503 aliquo
963 2462 1063 2495 modo
1091 2461 1239 2503 pendere
1267 2461 1437 2494 Nasonem
1463 2461 1588 2494 rectius

239 2513 346 2547 statui
369 2513 528 2547 videatur
551 2524 571 2547 a
593 2513 789 2555 Welckero,
812 2515 939 2557 grieeh.
963 2514 1063 2557 Trag.
1085 2525 1118 2556 p.
1135 2517 1208 2548 402,
