1745 2813
767 119 1029 158 ..32-

215 229 305 274 filia,
341 240 385 264 ea
418 228 463 264 de
496 239 606 264 causa
638 229 676 264 in
710 229 951 275 suspicionem
976 230 1098 267 vocari
1125 230 1253 277 nolim,
1285 231 1382 276 quod
1408 226 1573 280 intellegi

216 293 277 329 vix
304 294 437 339 potest,
465 293 528 339 qui
554 293 693 329 factum
721 293 779 339 sit,
807 296 850 330 ut
877 294 1135 341 grammaticus
1163 285 1309 342 quidam
1335 296 1400 332 illa
1421 299 1573 342 poneret

215 369 281 403 pro
306 358 370 404 eis,
398 369 491 404 quae
513 358 702 394 Palmerus
725 360 849 395 censet
870 371 1017 396 versum
1038 353 1250 405 explevisse.
1293 358 1422 406 Itaque
1443 361 1572 398 dubito

214 433 303 456 num
325 422 494 458 Palmero
518 422 567 458 sit
594 423 876 469 assentiendum,
904 426 1024 469 atque,
1053 423 1229 470 siquidem
1256 424 1488 470 interpolatio
1515 428 1572 461 est

215 485 252 520 in
280 498 313 522 v.
339 487 401 532 75,
431 487 479 523 76
503 488 542 522 et
565 488 627 532 81,
656 498 737 522 eam
763 487 837 522 iam
859 499 932 523 non
957 488 1064 534 plane
1093 489 1230 524 secerni
1256 500 1363 535 posse
1391 491 1429 525 et
1454 488 1569 534 prius-

218 562 326 595 quam
354 552 528 595 quattuor
555 551 610 586 illi
638 563 765 587 versus
793 552 1033 598 irrepserunt,
1061 553 1219 588 adfuisse
1246 555 1345 598 puto.

856 668 880 714 ξ
899 671 934 705 5.

325 741 404 776 Iam
438 753 525 777 vero
558 743 664 787 plane
698 754 811 778 novas
839 743 1076 788 cogitationes
1104 742 1349 788 inseruerunt,
1383 745 1425 779 ut
1452 744 1568 788 exple-

214 806 316 839 retur
349 805 495 851 lacuna,
527 817 635 850 quam
664 806 701 841 in
730 808 858 851 poetae
885 806 1091 842 narratione
1124 807 1333 852 dignoscere
1367 807 1437 842 sibi
1470 807 1568 842 vide-

213 869 356 904 bantur.
941 919 945 921 μ

324 934 444 978 Atque
462 934 490 979 Ι,
509 935 558 969 37
583 945 634 979 sq.
657 934 876 970 narrationis
898 935 1037 970 fontem
1060 934 1271 979 explicatius
1292 934 1424 969 addere
1446 934 1568 970 volue-

215 998 311 1033 runt.
349 996 419 1038 Qui
441 1008 567 1032 versus
591 998 654 1043 37,
672 999 733 1043 38,
756 1009 837 1032 cum
858 1000 1048 1043 praeterea
1070 998 1262 1033 dictionem
1283 997 1391 1033 nimis
1413 992 1569 1033 ieiunam

214 1072 255 1095 ac
283 1061 475 1095 molestam
504 1059 633 1096 Ovidio
661 1063 760 1096 certe
788 1062 973 1107 indignam
999 1073 1078 1097 esse
1107 1063 1296 1107 appareat,
1326 1061 1463 1106 optimo
1491 1061 1568 1096 iure

214 1136 236 1159 a
270 1124 393 1159 Riesio
427 1120 606 1161 delentur.
665 1125 873 1172 Penelopen
911 1126 1007 1161 enim
1046 1127 1165 1161 totum
1202 1125 1339 1160 bellum
1373 1124 1568 1160 Troianum

213 1188 417 1222 accuratius
451 1189 660 1233 cognovisse
694 1189 838 1224 initium
871 1190 1050 1234 epistulae
1084 1189 1198 1225 docet.
1252 1187 1413 1233 Cumque
1445 1189 1497 1223 ibi
1531 1189 1569 1224 in

214 1251 423 1288 universum
462 1251 575 1298 dicat,
615 1249 704 1289 ‘sive
743 1253 824 1300 quis
856 1249 1044 1289 narrabat’
1078 1252 1114 1289 h.
1149 1264 1177 1289 e.
1213 1263 1251 1287 se
1283 1251 1389 1287 modo
1422 1252 1468 1287 ab
1501 1251 1568 1287 hoc

213 1317 319 1351 modo
348 1318 394 1351 ab
423 1318 487 1352 illo
515 1317 561 1353 de
588 1319 684 1353 bello
711 1319 869 1354 Troiano
894 1319 1042 1354 nuntios
1069 1318 1247 1363 accepisse
1271 1314 1334 1363 (cf.
1356 1329 1390 1353 v.
1414 1318 1463 1353 25
1488 1313 1569 1365 sq.),

213 1381 280 1416 hoc
307 1381 386 1416 loco
415 1392 495 1416 eam
524 1382 644 1417 omnia
672 1393 694 1417 a
720 1382 875 1419 Nestore
903 1394 968 1429 per
994 1382 1125 1428 filium,
1158 1381 1225 1416 hoc
1243 1367 1309 1416 ’est
1335 1380 1462 1416 decem·
1485 1383 1569 1426 post

213 1445 351 1480 bellum
384 1445 487 1480 annis
520 1433 669 1482 tandem
702 1447 935 1492 comperisse,
968 1446 1123 1483 absurde
1157 1446 1233 1481 sine
1267 1445 1376 1482 dubio
1413 1445 1568 1483 additur.

214 1508 388 1554 Quodque
416 1509 463 1544 ad
490 1521 661 1545 versuum
688 1511 882 1546 dictionem
904 1511 1047 1556 attinet,
1075 1511 1165 1545 satis
1187 1510 1354 1554 displicet
1375 1510 1567 1545 admodum

213 1572 402 1618 implicata
429 1575 468 1608 et
495 1573 639 1610 inficeta
666 1574 860 1610 verborum
888 1574 1086 1610 collocatio.
1243 1566 1246 1569 ’

322 1637 394 1672 Sed
428 1639 495 1673 hoc
523 1639 677 1674 disticho
713 1636 852 1675 remoto
885 1639 1044 1675 nondum
1078 1650 1187 1674 sanus
1221 1640 1278 1674 est
1310 1639 1418 1674 locus.
1473 1638 1568 1673 Nam

213 1702 308 1747 quod
342 1702 506 1747 sequitur
538 1703 717 1738 distichon
750 1705 826 1739 tam
860 1705 958 1738 arcte
992 1714 1073 1738 cum
1102 1702 1209 1737 huius
1237 1701 1501 1738 constructione
1530 1704 1567 1735 et

214 1767 396 1802 sententia
424 1767 655 1802 coniunctum
683 1770 750 1814 est,
777 1769 830 1813 ut,
858 1767 891 1803 si
919 1767 1008 1802 illud
1036 1766 1212 1812 deleatur,
1239 1766 1307 1802 hoc
1333 1777 1475 1811 quoque
1502 1768 1567 1800 aut

213 1831 357 1864 omnino
390 1831 635 1865 circumscribi
669 1834 734 1865 aut
768 1833 888 1865 totum
921 1830 1050 1874 refingi
1083 1840 1228 1865 necesse
1262 1830 1320 1864 sit.
1383 1829 1437 1864 Ne
1471 1829 1584 1863 enim.

211 1907 245 1931 v.
275 1896 338 1941 37,
366 1896 417 1931 38
446 1892 673 1941 parenthesis
706 1894 823 1931 instar
855 1893 1089 1940 interpositos
1117 1904 1194 1929 esse
1222 1891 1364 1929 dicatur
1390 1894 1428 1928 et
1454 1892 1564 1929 versi-

212 1959 280 1993 bus
305 1961 367 2004 39,
391 1961 443 1995 40
466 1959 670 1994 continuari
692 1970 736 1994 ea
757 1970 850 2004 quae
872 1971 906 1994 v.
930 1960 1087 1993 31—36
1116 1960 1320 2002 narrantur,
1349 1968 1392 1992 ea
1419 1969 1476 1992 res
1499 1957 1564 1991 im·
1608 1991 1611 1993 .

211 2022 329 2069 pedit,
363 2023 459 2069 quod
491 2026 602 2060 antea
633 2025 841 2069 praesente,
873 2022 941 2058 hoc
967 2022 1045 2058 loco
1073 2021 1232 2067 perfecto
1260 2023 1422 2066 tempore
1448 2020 1576 2078 utitur.

211 2090 320 2132 poeta
353 2083 564 2135 (monstrat,
597 2087 713 2133 pingit
745 2089 782 2122 et
814 2084 965 2135 remlit)3
998 2099 1114 2133 neque
1148 2087 1194 2122 ad
1220 2086 1382 2122 vividum
1408 2086 1563 2121 colorem

211 2151 463 2197 poeticumque
492 2151 581 2186 haec
608 2151 759 2186 humilia
793 2154 831 2186 et
858 2151 1031 2197 languida
1052 2152 1164 2187 verba
1185 2149 1362 2196 quadrare
1386 2149 1565 2186 videntur.

212 2216 407 2250 Praeterea
439 2216 692 2261 neglegentior
725 2218 782 2251 est
814 2215 853 2249 in
884 2227 917 2251 v.
953 2217 1005 2250 40
1038 2215 1103 2250 illa
1134 2214 1329 2259 oppositio,
1362 2224 1453 2258 quae
1488 2213 1565 2248 sine

210 2278 319 2314 dubio
352 2280 519 2315 consulto
554 2280 718 2325 quaesita
745 2281 817 2324 est3
852 2290 968 2325 neque
995 2290 1061 2324 pro
1091 2274 1201 2315 ‘dolo’
1230 2277 1306 2315 ulla
1332 2277 1417 2322 poni
1443 2278 1565 2322 potest

210 2355 294 2389 vox,
327 2355 421 2389 quae
454 2355 537 2379 cum
571 2355 657 2379 voce
691 2340 883 2389 ‘proditur'
916 2344 1106 2379 coniuncta.
1133 2342 1308 2378 vocabulo
1336 2337 1488 2377 ‘somno’
1516 2342 1565 2377 sit

209 2408 385 2453 opposita.
432 2408 555 2453 Atque
577 2407 669 2442 illud
692 2408 811 2453 ipsum
840 2408 1065 2443 enuntiatum
1091 2403 1188 2442 ‘dolo
1216 2401 1334 2451 prodi’
1357 2416 1494 2451 vereor,
1522 2408 1564 2441 ut

210 2472 305 2507 iuste
324 2473 479 2516 apteque
497 2474 662 2517 ponatur.
701 2472 829 2517 Itaque
847 2472 914 2507 hoc
932 2482 1072 2517 quoque
1089 2470 1269 2506 distichon
1284 2470 1411 2505 abesse
1429 2470 1564 2508 malim.
