1745 2813
718 94 785 152 ''T-
842 125 894 163 62
952 146 1000 152 —

183 244 452 279 supervacanea
473 235 569 280 sunt,
596 233 719 280 eisque
742 234 891 271 resectis
913 234 1035 271 nullus
1058 237 1244 281 comparet
1264 234 1397 272 hiatus.
1441 233 1545 271 Unde

180 299 299 334 elucet
333 299 378 334 de
414 310 458 334 ea
484 310 616 345 causa,
649 299 745 345 quod
780 299 1064 335 desideraverim
1097 300 1234 346 aliquid
1263 300 1365 345 Itali,
1397 300 1444 335 ab
1472 299 1545 335 illis

188 373 250 398 eos
278 363 498 409 compositos
527 375 605 399 esse
634 363 746 399 statui
769 364 914 399 omnino
936 375 1008 399 non
1032 376 1149 410 posse.
1199 364 1320 410 Atque
1335 362 1376 399 'si
1397 374 1547 400 revera

185 426 393 463 desiderata
421 430 517 464 esset
544 428 629 464 talis
652 428 825 473 narratio,
854 428 972 473 qualis
999 428 1050 464 ibi
1072 428 1287 474 continetur,
1315 439 1378 463 cur
1399 426 1548 462 tandem

187 490 277 526 adeo
311 493 432 527 tracta
465 493 521 527 est
554 491 643 527 illa?
697 491 823 537 Neque
851 491 970 527 minor
997 492 1114 528 oritur.
1139 492 1335 538 dubitatio,
1367 503 1454 527 num
1481 491 1546 526 illo

188 555 267 600 ipso
295 556 385 601 loco,
413 555 546 601 quippe
575 567 645 601 quo
670 556 806 602 optime
829 556 948 591 omnia
970 557 1162 592 cohaerere
1185 556 1306 592 dicant
1326 556 1392 603 illi,
1419 565 1546 592 versus

187 620 355 664 supplere
383 619 570 665 potuerint
596 620 683 656 Itali
711 620 808 656 docti
835 622 944 666 atque
968 632 1056 656 num
1077 620 1215 656 inserta
1235 620 1362 655 fabula
1382 619 1449 656 illa
1468 622 1546 655 tam

184 683 362 718 sincerum
395 694 438 718 ac
469 683 615 719 facilem
648 683 850 719 invenerint
881 683 1093 729 transitum,
1125 694 1196 728 quo
1223 683 1442 719 deducerent
1468 694 1546 718 ora-

186 747 324 782 tionem
352 747 400 782 ad
427 758 573 783 versum
603 748 695 792 143,
729 758 837 792 quam
872 747 934 793 qui
968 749 1024 783 est
1055 746 1094 782 in
1125 748 1229 792 parte
1257 746 1328 782 -illa
1358 746 1452 783 falso
1486 757 1544 782 su-

186 813 318 857 specta.
380 811 563 847 Nimirum
603 813 777 857 quantum
811 811 1002 858 qualiaque
1044 812 1187 847 omnino
1225 811 1280 847 illi
1317 811 1427 847 medii
1464 811 1546 847 aevi

185 875 327 911 librarii
367 875 500 912 addere
533 876 731 922 valuerint,
768 876 972 912 luculenter
1009 877 1182 922 quattuor
1219 876 1278 912 vel
1310 875 1381 911 duo
1418 886 1544 912 versus

186 940 333 987 docent,
366 952 456 987 quos
490 943 574 987 post
606 953 640 978 v.
666 943 740 978 166
775 942 835 978 vel
867 942 941 978 168
971 941 1008 977 in
1035 941 1215 977 codicibus
1243 941 1426 977 nonnullis
1454 951 1545 977 saec.

187 1005 277 1040 XIII
305 1007 344 1041 et
371 1005 457 1041 XIV
484 1005 638 1041 insertos
666 1005 880 1042 invenimus.

292 1070 343 1105 At
375 1081 415 1105 re
443 1080 530 1105 vera
558 1069 589 1105 si
617 1069 837 1105 omittuntur
863 1081 990 1106 versus
1017 1069 1072 1105 illi
1100 1069 1198 1115 CIV,
1234 1069 1364 1105 lacuna
1390 1069 1546 1105 efficitur

184 1133 222 1167 in
261 1129 469 1183 epistula1).
529 1134 624 1169 Nam
662 1134 841 1179 quomodo
881 1134 1024 1169 Riesius
1062 1133 1195 1178 aliique
1233 1145 1364 1168 nexum
1402 1135 1544 1168 senten-

185 1197 321 1231 tiarum
355 1197 534 1242 explicare
569 1197 733 1242 student,
773 1197 840 1232 hoc
874 1196 1017 1242 quidem
1051 1208 1203 1242 pravum
1236 1196 1545 1242 interpretationis

187 1260 380 1295 artificium
408 1263 475 1297 est.
532 1261 741 1297 Formulam
770 1258 896 1298 ‘credis
924 1264 955 1297 et
981 1262 1043 1297 hoc
1068 1257 1181 1297 nobis'
1210 1261 1269 1297 vel
1297 1260 1451 1296 similem
1479 1260 1543 1296 ali—

185 1336 294 1370 quam
328 1326 390 1361 ubi
425 1325 577 1361 Ovidius
610 1327 779 1371 usurpat,
819 1326 1006 1362 enuntiato
1040 1325 1148 1361 alicui
1186 1327 1392 1361 constanter
1427 1324 1544 1360 simile

184 1389 238 1425 ita
277 1389 394 1437 addit,
445 1392 487 1426 ut
525 1392 564 1426 et
602 1390 833 1426 confirmetur
871 1392 910 1426 et
947 1391 1124 1436 augeatur
1168 1389 1349 1426 sententia
1386 1384 1447 1438 (cf.
1489 1397 1560 1435 ep(

184 1455 301 1500 XVII,
327 1457 420 1500 1213
449 1455 508 1490 Tr.
533 1455 577 1501 V,
601 1457 637 1500 4,
662 1457 729 1501 233
757 1466 777 1490 e
805 1455 844 1490 P.
868 1455 906 1500 I„
920 1457 955 1500 5,
986 1450 1038 1503 9).
1094 1455 1148 1490 De
1178 1454 1245 1489 tali
1272 1454 1448 1489 formulae
1476 1465 1544 1489 usu

184 1529 257 1553 non
284 1530 391 1563 posse
420 1519 574 1566 cogitari
601 1520 668 1554 hoc
696 1520 774 1555 loco
803 1520 862 1555 vel
890 1519 1059 1554 librarius
1087 1519 1119 1554 is
1135 1518 1293 1564 -quidam
1320 1517 1465 1554 videtur
1491 1517 1543 1553 in-

184 1583 366 1618 tellexisse
402 1584 464 1629 qui
491 1585 648 1620 correxit
676 1581 794 1620 ‘crede
821 1585 882 1620 sed
909 1584 976 1619 hoc
1003 1579 1131 1619 nobis?
1185 1582 1323 1618 Venim
1349 1584 1473 1618 tamen
1498 1594 1543 1617 ne

185 1646 238 1680 ita
260 1647 406 1691 quidem
428 1658 541 1683 nexus
565 1660 672 1683 sanus
695 1650 762 1693 est,
790 1648 899 1682 immo
922 1648 1010 1683 haec
1032 1647 1101 1683 loci
1124 1649 1180 1682 est
1201 1647 1306 1682 ratio.
1349 1646 1424 1692 Eis,
1451 1657 1544 1692 quae

186 1709 408 1746 antecedunt
437 1705 644 1761 (36—38),
671 1711 739 1747 hoc
761 1723 872 1747 unum
895 1710 1027 1747 dicitur
1048 1710 1228 1756 Paridem,
1256 1712 1450 1757 antequam
1472 1710 1543 1746 He—

184 1775 304 1808 lenam
339 1776 451 1810 oculis
486 1773 652 1820 vidisset,
692 1776 741 1810 de
775 1787 824 1810 ea
856 1775 1024 1811 nuntium
1058 1775 1235 1820 accepisse
1267 1775 1382 1821 fama3
1420 1775 1543 1821 itaque

185 1838 276 1873 nihil
300 1839 445 1874 omnino
469 1840 512 1876 de
534 1840 777 1889 pulcritudine
800 1839 961 1876 Helenae
985 1839 1185 1886 exponitur,
1212 1839 1275 1875 sed
1296 1840 1397 1884 fama
1417 1842 1544 1876 nmilia

182 1904 254 1946 fwit
275 1903 358 1937 eius
387 1905 565 1939 enuntiati
594 1915 735 1940 summa
763 1906 829 1939 est.
886 1904 985 1945 Quae
1013 1915 1094 1939 cum
1126 1904 1178 1938 ita
1206 1904 1287 1948 sint,
1315 1905 1414 1939 nullo
1436 1906 1543 1950 pacto

183 1978 336 2013 pergere
363 1969 486 2013 potest
514 1971 622 2014 poeta
649 1968 693 2003 de
719 1969 836 2013 yloria
862 1979 1026 2014 narrare,
1057 1968 1271 2015 praesertim
1299 1980 1380 2004 cum
1407 1980 1453 2004 ne
1480 1969 1540 2004 ad·
1580 1955 1582 1958 ,

184 2032 292 2067 datur
319 2032 481 2079 quidem,
509 2035 610 2068 cuius
638 2033 692 2067 rei
718 2033 836 2079 gloria
864 2033 912 2068 sit
939 2033 1191 2080 intellegenda.

291 2096 386 2132 Nam
419 2108 535 2143 neque
569 2098 693 2133 vultus
725 2108 840 2143 neque
873 2098 1011 2133 formae
1041 2099 1194 2143 yloriam
1222 2097 1416 2144 significari
1442 2097 1540 2132 lucu-

183 2161 302 2196 lenter
330 2173 374 2196 ex
402 2173 446 2196 ea
473 2173 512 2196 re
540 2162 778 2209 cognoscitur,
806 2162 903 2207 quod
930 2162 986 2196 illi
1012 2162 1151 2198 notioni
1173 2162 1404 2215 subiungitur
1425 2162 1541 2205 fama-

184 2236 250 2270 que
283 2226 326 2261 de
357 2226 486 2269 forma.
542 2225 696 2261 Maxime
729 2226 843 2272 igitur
881 2226 1085 2261 necessaria
1118 2228 1203 2261 sunt
1237 2225 1283 2261 ad
1317 2225 1542 2261 enuntiatum

182 2291 301 2325 minor
328 2293 378 2326 est
405 2293 467 2326 tua
490 2291 607 2335 yloria
633 2301 713 2326 vero
735 2290 827 2326 bene
850 2290 1133 2337 intellegendum
1156 2289 1278 2334 verba,
1306 2301 1396 2335 quae
1419 2290 1542 2326 insunt

184 2354 222 2389 in
255 2366 289 2391 v.
316 2356 390 2390 139
411 2366 479 2400 sq.,
514 2355 645 2401 quippe
678 2355 716 2390 in
748 2355 879 2401 quib'us
914 2366 953 2390 re
986 2366 1073 2391 vera
1101 2355 1257 2390 Helenae
1285 2355 1401 2399 yloria
1426 2353 1541 2390 fusius

274 2491 304 2530 1)
328 2490 409 2531 Egit
431 2490 473 2522 de
495 2489 559 2521 hac
582 2499 618 2521 re
641 2489 775 2522 Birtius
796 2489 832 2521 in
854 2489 938 2522 Mus.
962 2489 1067 2521 Rhen.
1091 2487 1216 2520 XXXII
1237 2499 1270 2530 p.
1294 2491 1356 2521 389
1379 2500 1410 2523 n.
1429 2493 1459 2522 2.
