1745 2813
769 166 1029 203 -34—

219 270 420 322 videtur¹),
459 274 551 309 illud
584 286 725 319 quoque
766 274 932 320 offendit,
971 275 1066 320 quod
1106 286 1178 310 non
1214 275 1443 321 exprimitur,
1483 277 1578 323 quod

220 337 364 384 quidem
393 340 619 384 expectatur,
648 338 827 373 Helenam
855 341 999 385 raptam
1027 350 1107 374 esse
1135 350 1158 374 a
1185 339 1334 374 Theseo.

325 402 560 438 Desiderasse
581 403 725 438 videtur
741 403 980 438 Lemniadum
1002 403 1182 449 facinoris,
1207 404 1302 449 quod
1323 403 1459 449 passim
1481 415 1576 439 com-

219 469 444 502 memoratur
471 468 517 502 ab
546 467 751 513 Hypsipyle
780 463 883 517 (VI),
912 468 1195 513 excusationem,
1223 468 1285 513 qui
1313 468 1516 513 composuit
1542 480 1577 504 v.

221 530 285 576 VI,
316 533 403 576 139,
436 533 527 567 140:

362 595 602 631 Lemniadum
630 596 769 632 facinus
797 597 920 642 culpo,
947 607 1019 631 non
1047 596 1176 642 miror,
1204 597 1333 641 Jason,

414 658 621 701 Quamlibet
647 661 751 696 iratis
779 661 856 707 ipse
885 660 947 696 dat
975 671 1076 695 arma
1103 660 1216 696 dolor.
1247 680 1294 685 —
1327 657 1397 708 (Ita
1418 657 1576 710 Merkel.)

331 733 525 769 Sedtamen
548 735 786 770 Lemniadum
814 734 905 770 illud
927 735 1066 770 facinus
1094 737 1135 770 ut
1158 735 1386 771 excusatione
1408 735 1586 770 defenda-'

218 801 289 843 tur,
313 809 428 844 neque
446 799 511 833 illa
528 799 639 833 verba
657 810 699 833 eo
720 799 808 834 satis
826 799 960 844 valent,
978 810 1093 845 neque
1112 798 1255 834 omnino
1272 799 1488 844 postulatur.
1522 799 1576 833 De

219 873 262 904 sq
270 862 467 908 ipsaffenim
479 862 684 907 Hypsipyle
702 863 781 908 agit
798 864 835 897 et
852 863 949 907 quod
967 863 1012 897 ad
1029 863 1175 897 illarum
1193 863 1326 899 attinet
1343 863 1469 907 scelus,
1488 863 1576 897 satis

218 925 361 970 premit,
391 936 428 960 se
451 925 506 960 illi
528 937 600 961 non
622 926 838 963 interfuisse.
895 927 1014 972 Atque
1044 938 1125 961 cum
1147 927 1184 961 in
1206 927 1387 972 prioribus
1409 926 1575 962 versibus

219 989 422 1036 Hypsipyle
453 990 600 1026 Medeae
629 993 744 1026 semet
771 991 888 1036 ipsam
920 1002 1102 1037 opponens
1126 990 1440 1036 demonstraverit,
1469 1001 1576 1037 quam

221 1054 434 1089 sceleratam
456 1054 525 1100 ipsi
548 1055 661 1090 bonae
679 1055 831 1100 piaeque
850 1055 874 1089 J
876 1067 964 1091 ason
983 1055 1243 1101 praeposuerit,
1261 1057 1370 1100 atque
1388 1054 1577 1090 concludat

219 1118 311 1153 hanc
324 1118 540 1154 sententiam
553 1121 678 1165 aperte
691 1119 845 1155 disticho
862 1121 947 1164 137,
958 1120 1045 1164 138,
1063 1119 1100 1154 in
1112 1119 1284 1165 proximis
1296 1121 1419 1155 autem
1435 1120 1507 1154 141
1525 1130 1575 1164 sq.

217 1182 263 1216 ad
285 1183 392 1227 plane
415 1193 547 1218 novam
569 1183 827 1229 cogitationem
849 1185 1021 1228 transeat,
1051 1183 1106 1218 illi
1128 1195 1254 1219 versus
1276 1182 1470 1227 interrupti
1493 1184 1576 1217 sunt

219 1245 387 1291 omnique
411 1248 535 1281 carent
557 1258 661 1282 nexu.
684 1266 729 1270 —
756 1246 893 1282 Deinde
917 1249 958 1282 ut
983 1258 1056 1282 non
1077 1258 1227 1292 urgeam
1250 1247 1345 1292 quod
1367 1249 1444 1282 tam
1466 1246 1574 1281 inele-

217 1312 349 1356 ganter
371 1322 480 1357 quam
502 1311 666 1346 consulto
688 1310 727 1346 in
748 1323 780 1347 v.
803 1312 876 1347 139
896 1310 992 1346 inter
1010 1321 1047 1346 se
1065 1312 1296 1357 opponuntur
1311 1310 1424 1346 verba
1442 1306 1575 1356 ‘culpo'

218 1377 256 1409 et
279 1370 429 1419 ‘miror',
458 1386 550 1419 quae
578 1386 650 1409 non
677 1375 853 1419 praebent
875 1374 1039 1409 notiones
1062 1374 1158 1409 inter
1181 1386 1219 1409 se
1242 1374 1459 1409 contrarias:
1483 1374 1521 1409 in
1542 1386 1576 1410 v.

222 1439 308 1484 140,
327 1438 422 1485 quod
440 1438 477 1473 in
489 1437 674 1474 Puteaneo
692 1440 803 1484 extat,
822 1434 1036 1484 ‘quamlibet
1052 1434 1170 1474 iratis'
1182 1439 1290 1484 plane
1301 1438 1422 1485 inepte
1435 1438 1575 1475 dicitur.

220 1503 443 1539 Coniecturis
471 1503 586 1549 igitur
612 1506 814 1548 temptatus
838 1506 893 1538 est
916 1504 1025 1548 locus,
1054 1505 1162 1548 atque
1184 1502 1373 1549 proposuit
1394 1503 1453 1538 Fr.
1477 1502 1574 1538 Heu-

218 1568 383 1613 singerus
402 1563 616 1613 ‘quamlibet
638 1563 803 1602 infirmis’
826 1567 886 1603 vel
910 1563 1117 1612 ‘invalidis',
1141 1578 1294 1612 quorum
1315 1567 1406 1602 illud
1427 1567 1576 1603 novavit

217 1631 434 1677 Madvigius,
463 1633 500 1666 et
523 1630 628 1666 Conr.
651 1630 899 1677 Heusingerus
923 1628 1138 1677 ‘quamlibet
1159 1627 1310 1668 invitis’.
1359 1632 1437 1666 Iam
1459 1631 1574 1666 multo

221 1697 305 1730 ante
328 1695 429 1730 aliud
456 1706 597 1740 quoque
625 1681 842 1731 {vocabulum
870 1694 1140 1741 desideraverat
1167 1695 1198 1729 is
1221 1695 1283 1740 qui
1304 1694 1497 1730 Etonensis
1521 1707 1574 1729 re-

217 1758 424 1794 censionem
452 1758 554 1804 fecit,
590 1770 671 1795 cum
699 1758 896 1794 correxerit
924 1755 1124 1804 ‘quodlibet
1152 1758 1197 1793 ad
1224 1754 1388 1803 facinus',
1416 1758 1575 1803 itemque

218 1823 327 1858 medii
350 1824 430 1858 aevi
452 1826 633 1859 corrector
656 1824 813 1870 quidam,
837 1824 899 1869 qui
922 1823 1077 1869 scripsit,
1105 1819 1301 1868 ‘quaelibet
1323 1818 1454 1868 iratis',
1481 1823 1574 1867 quod

217 1887 256 1921 in
282 1887 465 1922 nonnullis
494 1887 634 1922 Heinsii
662 1887 764 1922 libris
794 1889 859 1922 est.
910 1887 1035 1932 Neque
1064 1897 1149 1921 vero
1179 1886 1321 1921 omnino
1350 1886 1426 1921 ulla
1452 1897 1573 1921 conse-

217 1962 373 1996 quemur
399 1950 606 1986 coniectura
634 1952 711 1996 hoc,
740 1953 781 1985 ut
810 1950 964 1985 satisfiat
992 1950 1203 1995 sententiae,
1232 1962 1333 1995 quae,
1361 1952 1403 1985 ut
1425 1951 1471 1985 ad
1493 1963 1573 1996 pro-

217 2015 315 2050 xima
343 2015 455 2050 verba
482 2014 651 2060 quadret,
686 2015 763 2050 sine
791 2014 899 2050 dubio
927 2014 1016 2050 haec
1044 2026 1122 2050 esse
1151 2014 1273 2050 debet:
1310 2014 1496 2060 quodlibet
1529 2014 1574 2049 ad

217 2080 356 2114 facinus
391 2079 450 2114 vel
483 2079 695 2114 mitissimas
728 2078 881 2114 feminas
917 2079 1017 2114 furor
1055 2074 1148 2127 (sive
1176 2079 1246 2124 ira,
1285 2073 1404 2126 dolor)
1437 2078 1573 2114 incitat.

219 2143 340 2189 Atque
376 2154 458 2177 cum
494 2154 537 2178 ex
571 2154 638 2177 am.
669 2143 698 2187 Ι,
728 2145 762 2188 7,
793 2144 841 2178 66
878 2145 959 2178 orta
993 2154 1069 2178 esse
1104 2142 1296 2178 videantur
1328 2143 1456 2187 verba,
1489 2144 1575 2178 sunt

219 2207 456 2253 relinquenda
485 2210 521 2242 et
549 2207 781 2243 attribuenda
808 2208 1110 2253 interpolatorum
1137 2207 1304 2242 imitandi
1332 2206 1460 2242 studio.

326 2271 405 2306 Iam
422 2282 509 2306 vero
527 2282 597 2306 uno
616 2272 694 2306 loco
713 2273 779 2306 hoc
797 2271 984 2306 consilium
1007 2272 1077 2307 fuit
1098 2270 1356 2317 grammaticis,
1374 2272 1416 2305 ut
1433 2270 1573 2305 duobus

217 2336 379 2370 versibus
408 2335 565 2379 insertis,
594 2346 701 2379 quam
729 2347 807 2370 rem
834 2335 941 2370 nimis
970 2333 1112 2370 au'xisse
1139 2334 1325 2369 videretur
1347 2335 1465 2379 poeta,
1494 2345 1573 2368 eam

216 2400 458 2435 attenuarent.
511 2398 604 2433 Sunt
631 2411 664 2434 v.
695 2398 723 2443 Ι,
753 2399 815 2443 85,
845 2400 895 2434 86
926 2387 1118 2434 subditicii.
1168 2398 1378 2443 Postquam*
1393 2397 1573 2442 Penelope

313 2524 346 2563 1)
370 2522 411 2554 cf.
434 2521 540 2554 Lehrs
564 2521 680 2554 Horat.
704 2532 737 2564 p.
756 2520 928 2554 CCXXIV.
953 2520 1172 2562 Eschenburg
1194 2520 1216 2554 l.
1235 2529 1261 2552 c.
1279 2503 1311 2562 p.
1331 2523 1361 2561 9,
1387 2523 1435 2559 13,
1451 2496 1500 2552 χ16
1524 2532 1573 2562 sq.
