1745 2813
699 101 959 138 *74-

151 212 248 256 libri,
272 212 333 258 qui
354 212 480 257 partes
502 211 585 246 illas
609 210 848 257 epistulam
870 210 952 247 aliis
973 210 1062 246 locis
1080 210 1232 248 omissas
1249 210 1422 247 oblivioni
1440 211 1508 247 en·-

152 277 320 321 puerunt,
345 287 468 311 omnes
491 275 613 311 omnia
635 277 827 321 poetarum
844 274 1103 311 Ovidianorum
1124 274 1279 311 disticha
1301 285 1374 310 una
1389 285 1510 312 serva-

151 342 298 376 verunt:
328 352 440 375 unum
463 340 554 375 illud
582 340 776 386 exemplar,
805 340 843 374 in
865 351 935 385 quo
964 339 1171 375 Parmensis
1194 338 1311 375 editor
1333 339 1511 385 epistulae

152 405 235 451 XX,
265 416 391 440 versus
420 404 502 439 inde
537 417 559 440 a
589 405 664 440 144
693 404 848 452 invenit,
875 404 986 440 etiam
1008 403 1151 439 Paridis
1180 403 1357 454 epistulae
1385 414 1511 439 versus

153 469 236 505 illos
261 469 343 504 CIV
366 470 591 515 complexum
620 481 699 505 esse
728 470 881 515 videtur,
911 469 1042 516 quippe
1065 469 1127 516 qui
1150 481 1172 504 a
1193 468 1375 515 prioribus
1398 467 1510 504 edito-

153 534 264 579 ribus,
285 535 403 580 quoad
415 535 581 581 equidem
593 535 715 570 videre
727 535 840 581 potui,
858 535 1083 570 omittantur.
1112 533 1290 576 Quoniam
1302 535 1425 569 autem
1438 532 1510 569 edi-

153 601 251 634 tores
279 598 388 643 primi
415 598 506 634 nihil
535 599 690 645 amplius
719 600 763 634 de
791 599 936 634 illorum
964 598 1128 634 codicum
1155 597 1360 634 condicione
1389 597 1513 634 dieunt

152 674 268 708 neque
301 664 384 708 plus
420 675 528 709 quam
562 664 643 699 illos
678 664 775 709 ipsos
810 675 934 699 versus
970 663 1007 698 in
1041 663 1122 699 aliis
1150 662 1331 700 codicibus
1360 662 1511 698 omissos

153 739 196 761 ex
220 727 272 762 eis
296 727 474 773 recepisse
496 728 676 774 videntur,
701 739 876 774 quaenam
899 728 1045 763 illorum
1067 727 1178 762 fuerit
1194 727 1300 772 ratio,
1322 726 1509 762 nescimus.

662 983 1011 1028 Addendum.

244 1119 332 1150 Dum
356 1118 564 1161 typographi
589 1118 775 1160 specimina
798 1118 947 1161 corrigo,
972 1118 1115 1160 cognovi
1138 1118 1288 1150 Birtium
1311 1119 1346 1149 et
1369 1117 1411 1149 de
1434 1116 1514 1149 libri

156 1171 317 1204 Ovidiani
338 1171 560 1213 inscriptione
584 1171 812 1213 disputavisse
837 1172 921 1213 (das
944 1171 1086 1204 antike
1110 1172 1378 1212 Buchweoen,
1395 1169 1511 1203 Berlin

161 1228 253 1264 1882,
277 1236 309 1267 p.
329 1229 391 1258 378
406 1227 479 1266 sq.),
503 1227 538 1258 et
561 1236 647 1266 quae
670 1227 772 1259 antea
795 1226 836 1257 de
860 1225 1043 1267 partitione
1061 1225 1237 1266 statuerat,
1259 1215 1461 1257 retractasse
1479 1225 1515 1256 et

155 1278 348 1311 correxisse.
394 1278 478 1311 Cum
507 1278 571 1319 eis,
607 1289 693 1319 quae
723 1279 766 1325 de
793 1279 857 1311 hac
879 1289 915 1311 re
944 1278 1115 1321 exposuit,
1144 1277 1231 1310 nihil
1252 1278 1398 1310 habeam
1421 1276 1513 1318 quod

153 1331 295 1372 addam,
323 1331 384 1363 illa
406 1331 478 1364 eius
501 1333 710 1371 coniectura,
740 1341 807 1373 qua
834 1332 981 1373 primum
1010 1331 1147 1371 quidem
1169 1331 1309 1363 titulum
1339 1330 1511 1363 ‘heroides’

152 1385 274 1424 fuisse,
303 1385 362 1417 sed
393 1395 470 1417 eum
493 1386 637 1418 adiectis
660 1386 810 1418 virorum
833 1384 956 1417 litteris
979 1385 1147 1417 mutatum
1171 1394 1244 1417 esse
1266 1384 1302 1416 in
1326 1382 1511 1425 ‘epistulae’

154 1440 270 1470 censet
293 1441 406 1479 (quam
430 1438 568 1478 quidem
591 1449 709 1471 vocem
734 1437 1029 1481 ‘geschlechtslos’
1053 1438 1234 1479 appellat),
1257 1447 1337 1469 num
1358 1445 1440 1468 vera
1458 1435 1515 1474 sit,

153 1491 238 1525 satis
267 1491 491 1526 dubitationis
520 1492 732 1534 relinquitur.

241 1546 309 1578 Sed
332 1546 374 1578 de
398 1556 474 1578 mea
496 1546 618 1587 ipsius,
642 1556 743 1586 quam
766 1557 798 1587 p.
823 1550 842 1578 2
867 1545 1023 1587 exposui,
1047 1545 1217 1578 sententia
1238 1545 1363 1578 iterata
1385 1545 1527 1587 cogita--

153 1599 246 1632 tione
265 1598 415 1639 aliquam
433 1598 519 1631 mihi
536 1598 786 1632 dubitationem
804 1598 978 1631 subortam
996 1608 1069 1631 esse
1087 1598 1257 1640 profiteor.
1296 1597 1514 1635 Adiectivum

153 1652 244 1685 enim
269 1651 411 1686 ‘herois’
438 1652 654 1686 coniunctum
672 1663 749 1686 cum
767 1652 943 1694 ‘epistula’
963 1651 1111 1693 quaesiti
1134 1651 1294 1693 quiddam
1313 1653 1415 1692 atque
1433 1650 1513 1684 arti-

152 1706 261 1739 ficiosi
290 1707 411 1747 habet,
446 1717 522 1739 cum
550 1707 630 1739 talis
659 1706 851 1740 coniunctio
886 1716 954 1739 non
989 1707 1061 1738 tam
1093 1704 1309 1747 inscriptioni
1342 1704 1514 1746 prosariae

154 1771 257 1800 quam
279 1759 435 1801 poeticae
458 1759 606 1793 orationi
629 1759 817 1792 conveniat.
852 1759 1034 1792 Praeterea
1059 1757 1240 1801 ‘epistulae
1258 1758 1430 1791 heroides’
1453 1768 1513 1799 po·
1538 1783 1543 1785 .

152 1812 221 1845 tius
256 1814 398 1845 heroum
433 1823 536 1854 quam
564 1812 780 1846 heminarum
808 1812 976 1854 epistulae
1004 1811 1256 1854 intellegendae
1285 1813 1373 1846 sunt.
1430 1811 1513 1843 Cum

153 1867 268 1899 autem
294 1866 435 1899 'constet
462 1877 484 1898 a
512 1865 732 1907 scriptoribus
761 1865 911 1906 antiquis
937 1865 1042 1898 libros
1069 1864 1226 1898 licentius
1259 1864 1382 1898 citatos
1409 1866 1513 1905 atqixe

154 1930 270 1952 eorum
300 1918 421 1951 titulos
449 1918 541 1951 haud
569 1928 647 1950 raro
671 1918 864 1951 decurtatos
887 1917 1016 1957 afferri,
1039 1918 1129 1950 hunc
1152 1916 1356 1950 Ovidianum
1378 1916 1513 1959 librum,

153 1983 231 2005 cum
251 1971 434 2014 ‘epistulae
451 1970 644 2004 heroidum'
664 1970 847 2013 inscriptus
863 1972 962 2011 esset,
986 1980 1006 2002 a
1023 1966 1194 2004 Prisciano
1211 1970 1423 2004 nominatum
1439 1981 1513 2004 esse

155 2025 341 2058 ‘heroides’
366 2023 553 2057 verisimile
576 2025 637 2057 est.
677 2024 796 2064 Itaque
818 2024 909 2056 haud
933 2024 1002 2057 scio
1026 2035 1071 2057 an
1093 2023 1217 2057 rectius
1240 2025 1408 2057 statuatur
1427 2024 1512 2066 ‘epi-

154 2079 265 2112 stulae
288 2078 481 2111 heroidum’
506 2077 611 2110 fuisse
634 2077 893 2119 inscriptionem
915 2078 1051 2119 plenam
1075 2079 1110 2110 et
1132 2077 1318 2118 antiquam.
