1745 2813
695 111 953 149 —17—

147 221 415 267 Shuckburghi,
453 219 659 265 passimque
697 219 736 253 in
773 218 996 254 eruditorum
1028 219 1118 253 actis
1152 218 1313 253 invenias
1346 218 1493 253 circum-

145 285 254 322 scribi
280 296 406 322 versus
431 283 619 331 quosdam,
646 283 709 329 qui
736 282 934 318 editoribus
962 282 1075 327 spurii
1101 282 1300 318 videantur.

251 350 413 396 Longius
434 347 610 394 processit
631 346 805 382 Lehrsius
815 342 856 394 ¹),
884 346 945 391 qui
968 345 1128 381 omnium
1154 346 1230 380 fere
1258 347 1496 391 epistularum

145 413 204 449 vix
235 414 317 459 plus
352 412 537 449 dimidiam
569 412 711 456 partem
744 410 939 456 genuinam
971 421 1065 454 esse,
1100 409 1237 444 relicua
1266 421 1495 455 quaecunque

144 476 263 512 minus
291 477 375 522 apte
403 474 500 510 dicta
527 485 605 510 esse
633 476 697 509 aut
718 474 846 509 abesse
867 484 974 519 posse
996 473 1160 518 putabat,
1188 484 1210 508 a
1231 472 1420 508 mediocris
1443 474 1495 508 in-

145 540 242 585 genii
282 539 488 574 hominibus
526 538 651 573 addita
689 549 766 574 esse
799 538 947 573 censuit.
1007 537 1089 573 Etsi
1126 537 1272 572 minime
1311 537 1348 571 in
1381 526 1457 573 eius
1465 533 1496 585 2)

145 604 267 648 partes
296 603 484 639 succedere
517 614 678 648 possum,
712 602 774 648 qui
806 602 905 636 illius
932 601 1242 637 commentationis
1269 601 1360 635 hanc
1388 613 1497 636 unam

145 667 361 703 sententiam
395 667 525 703 statuit.
556 667 703 713 probari
735 678 855 712 posse,
896 677 967 711 qua
1000 665 1238 701 concluditur:
1277 662 1373 701 ε11116
1407 666 1494 701 Ver-

145 731 402 777 offentlichung
439 735 544 777 moge
581 742 666 766 man
704 727 916 776 verzeihen',
954 732 1077 766 tamen
1116 730 1307 764 Lehrsium
1346 730 1496 765 calidius

144 806 251 840 quam
284 795 494 840 prudentius
528 806 606 830 rem
639 795 808 840 gessisse,
823 796 932 840 atque
961 793 1114 839 argutiis
1143 794 1419 839 argumentandi
1445 793 1497 828 ni-

143 859 256 894 mium
282 859 474 894 indulsisse
502 870 594 894 cum.
615 859 740 894 multis
767 859 961 894 consentio.
1010 859 1053 893 In
1075 859 1284 894 universum
1306 858 1495 893 dicendum

144 923 201 957 est
227 933 310 957 eum
336 922 427 958 false
449 922 656 969 resecuisse,
683 930 915 969 quaecunque
938 922 1126 957 rhetorum
1147 933 1247 957 more
1269 922 1411 969 longius
1435 934 1494 957 ex-

143 986 263 1031 posita
290 998 367 1022 esse
395 988 459 1022 aut
486 987 629 1023 omnino
658 988 795 1022 colores
818 987 1005 1033 oratorios,
1033 989 1075 1022 ut
1096 987 1149 1022 ita
1171 986 1298 1032 dicam,
1327 987 1494 1022 exhibere

143 1049 362 1096 viderentur,
390 1053 498 1096 atque
526 1051 565 1086 in
579 1051 647 1086 ,his
674 1051 764 1086 talia
791 1051 932 1096 saepius
955 1053 1179 1096 argumenta,
1207 1051 1336 1096 quibus
1359 1051 1397 1085 in
1418 1063 1496 1086 om‘

144 1114 249 1149 nibus
278 1114 441 1159 epistulis
464 1116 671 1152 constanter
693 1114 748 1149 uti
771 1115 864 1149 solet
885 1117 1001 1159 poeta.
1051 1115 1132 1149 Huc
1153 1115 1311 1159 pertinet
1332 1117 1493 1159 praeter-

144 1177 226 1213 itae
243 1178 444 1224 felicitatis,
477 1189 558 1214 cum
584 1178 655 1214 viri
683 1178 794 1213 amati
825 1178 1030 1224 praesentia
1061 1178 1210 1213 heroina
1243 1190 1334 1224 quae
1368 1178 1494 1214 scribit

146 1242 341 1286 epistulam
356 1242 541 1287 gauderet,
558 1242 742 1287 memoria,
758 1242 827 1276 huc
844 1242 1021 1277 malorum
1037 1242 1282 1288 dolorumque,
1299 1254 1390 1287 quae
1407 1254 1489 1277 con-

144 1305 228 1350 iuge
255 1305 404 1341 absente
432 1306 492 1342 vel
518 1305 697 1341 irruerent
718 1306 777 1342 vel
798 1305 1037 1350 imminerent,
1067 1306 1258 1351 enarratio,
1289 1306 1359 1341 11116
1381 1306 1491 1342 timor

145 1370 317 1415 amantis,
350 1381 394 1404 ne
427 1381 522 1406 nova
539 1381 644 1422 ‘uxor
676 1370 746 1406 viri
773 1370 968 1405 desiderati
994 1370 1153 1405 animum
1181 1371 1226 1405 ab
1254 1371 1334 1415 ipsa
1361 1371 1492 1406 abalie-

143 1432 301 1477 naverit,
340 1432 465 1468 eodem
499 1433 667 1480 denique,
708 1433 803 1478 quod
841 1433 879 1467 in
916 1434 1152 1478 plurimorum
1190 1433 1388 1469 carminum
1424 1434 1493 1468 fine

147 1506 223 1530 sese
262 1498 416 1542 mortem
455 1499 625 1542 oppetere
663 1498 771 1532 malle
797 1509 917 1542 ,quam
954 1509 976 1532 a
1008 1497 1157 1542 coniuge
1196 1497 1330 1532 diutius
1368 1498 1493 1532 abesse

145 1559 269 1594 dicunt
300 1560 469 1595 heroinae
504 1557 582 1609 (cf.,
616 1573 706 1606 quas
735 1561 918 1597 damnavit
946 1561 1011 1605 III,
1037 1563 1205 1606 67—82‚
1230 1563 1277 1597 91
1308 1572 1421 1605 usque
1449 1562 1495 1595 ad

145 1622 267 1669 finem3
290 1623 847 1671 V11,183—-196‚169—182;
870 1624 931 1671 ΙΧ,
947 1626 1021 1661 136
1040 1636 1153 1671 usque
1176 1625 1222 1660 ad
1243 1625 1366 1671 finem3
1383 1625 1425 1671 X,
1445 1627 1493 1663 76

147 1689 293 1733 ——1503
321 1688 401 1733 XII,
423 1691 630 1725 182—208
657 1690 819 1734 aliaeque
847 1690 1000 1724 maiores
1029 1690 1133 1734 epist.
1160 1684 1312 1738 partes).

253 1751 476 1787 Sententiam
504 1753 557 1788 illi
578 1754 684 1798 plane
707 1755 968 1799 repugnantem
990 1746 1132 1789 Riesius
1154 1754 1341 1798 proposuit
1365 1749 1494 1802 (praef.

145 1814 229 1852 edit.
246 1828 282 1860 p.
301 1810 386 1863 IX),
419 1816 550 1860 quippe
584 1816 645 1860 qui
677 1827 743 1851 1166
775 1827 901 1851 causas
929 1817 1147 1853 certissimas
1174 1817 1386 1862 plerumque
1415 1829 1494 1852 esse

144 1880 264 1924 putet,
292 1890 355 1913 6111·
381 1879 487 1923 plura
515 1879 718 1925 deleantur,
745 1891 810 1914 nec
838 1880 869 1914 si
896 1880 974 1925 quis
1002 1880 1105 1915 obelo
1132 1880 1188 1915 uti
1215 1880 1319 1925 velit,
1347 1880 1493 1915 modum

145 1942 282 1978 servari
309 1953 424 1987 posse,
452 1942 538 1987 quin
564 1939 725 1987 plurima'
747 1943 870 1988 inepta
891 1943 1101 1979 habeantur.
1147 1943 1341 1979 Sedtamen
1368 1944 1494 1989 opinor

144 2017 216 2040 non
247 2016 326 2040 esse
359 2017 507 2050 prorsus
540 2006 801 2052 desperandum
820 2007 913 2047 sieri
941 2018 1061 2052 posse,
1095 2009 1137 2042 ut
1164 2006 1283 2043 Ovidii
1316 2008 1492 2053 epistulae

145 2070 191 2105 ab
220 2070 473 2106 additamentis
503 2070 633 2116 spuriis
655 2071 731 2106 fere
754 2072 968 2119 liberentur3
996 2083 1212 2118 quamquam
1235 2073 1390 2107 libenter
1411 2084 1491 2108 con-

232 2197 262 2235 1)
285 2196 324 2227 In
344 2194 447 2227 Jahni
469 2195 580 2228 annal.
603 2195 686 2237 phil.
710 2196 745 2228 et
766 2196 864 2237 paed.
882 2196 947 2229 vol.
967 2200 1007 2229 87
1030 2198 1073 2238 (a.
1094 2197 1189 2238 1863)
1211 2207 1244 2238 p.
1262 2199 1302 2228 49
1322 2206 1381 2238 sq.‚
1405 2207 1492 2237 quae

143 2248 267 2281 iterata
301 2251 352 2281 est
385 2249 570 2290 disputatio
598 2249 633 2281 in
662 2249 741 2281 edit.
771 2249 887 2282 Horat.
917 2260 1017 2282 carm.
1047 2261 1078 2291 p.
1103 2249 1250 2282 CCXXII
1274 2260 1321 2290 sq.
1352 2269 1390 2274 —
1421 2251 1491 2283 Nos

143 2301 264 2342 prioris
286 2301 365 2334 libri
388 2301 530 2334 citamus
552 2301 703 2343 paginas.
725 2321 763 2325 —-
782 2302 879 2342 Quod
897 2303 987 2335 idem
1004 2303 1057 2335 vir
1074 2302 1192 2336 doctus
1213 2304 1269 2335 vel
1290 2303 1355 2336 hoc
1378 2304 1491 2346 dispu-

143 2353 274 2387 tatione
292 2364 353 2386 sua
370 2354 460 2387 effici
475 2354 560 2391 vult,
577 2355 618 2386 ut
633 2364 749 2387 omnes
765 2355 864 2397 epist.
882 2356 952 2388 her.
971 2355 1093 2388 Ovidio
1110 2356 1323 2397 abrogentur,
1347 2367 1493 2390 comme—

143 2416 293 2439 morasse
316 2406 398 2439 satis
420 2407 540 2448 habeo,

229 2460 262 2501 2)
285 2459 580 2503 Sedlmayer-usin
601 2462 686 2503 prol.
705 2461 776 2495 crit.
795 2473 829 2503 p.
846 2465 887 2496 78
905 2474 937 2494 n.
956 2466 1006 2494 59.

1215 2519 1234 2547 2
