1745 2813
738 117 1001 156 &494

298 223 536 263 Inveniuntur
566 228 688 275 autem
721 226 838 261 iustae
871 226 1120 271 inscriptiones
1151 221 1364 271 epistulares
1392 220 1438 260 ab
1467 235 1541 260 om-

191 291 297 327 nibus
319 290 498 326 codicibus
521 289 688 335 traditae,
716 289 755 323 in
780 289 910 334 quibus
931 290 1031 331 nullo
1053 291 1158 334 pacto
1180 289 1329 324 haerere
1351 289 1541 334 possimus,

191 355 229 390 in
255 355 331 390 her.
353 352 490 399 I—IV,
517 352 595 398 XV,
616 352 756 398 XVIII,
789 363 904 398 neque
936 351 1088 387 delenda
1115 363 1193 387 esse
1219 353 1336 398 prima
1364 364 1417 398 ep.
1440 352 1541 398 XIII,

191 418 288 464 XIV,
317 417 423 454 XVII
451 416 622 462 disticha,
655 419 697 452 ut
723 417 842 452 voluit
869 416 1127 461 Sedlmayerus
1155 413 1262 462 (prol.
1291 417 1369 452 crit.
1397 429 1430 461 p.
1460 413 1541 465 67),

191 482 376 518 Vahlenus
409 492 525 526 nuper
561 476 602 528 (l.
630 492 659 516 c.
687 493 722 526 p.
752 482 801 516 18
832 476 902 529 sq.)
937 480 1025 515 satis
1060 479 1197 526 docuit,
1230 482 1273 515 ut
1300 480 1344 514 de
1376 480 1433 515 his
1466 492 1540 515 am-

191 546 286 592 plius
319 545 419 592 loqui
453 545 684 591 supersedere
717 544 863 590 possim.
899 564 944 569 —
977 544 1048 580 Sed
1081 544 1168 584 haec
1201 556 1342 590 quoque
1375 544 1470 580 inter
1503 556 1541 580 se

142 644 144 646 ,
192 610 335 645 diversa
359 612 447 645 sunt
474 609 594 655 initia,
621 620 737 655 neque
767 608 887 644 omnia
915 608 998 644 stilo
1027 609 1215 653 epistulari
1241 608 1348 653 plane
1376 608 1540 643 conveni-

192 677 267 711 unt.
322 674 402 709 Duo
436 674 532 709 enim
564 674 710 709 nomina
742 674 802 709 vel
830 673 986 708 afferunt
1013 673 1071 708 vel
1099 672 1187 708 satis
1215 673 1311 707 clare
1339 672 1543 718 significant

192 750 245 783 ep.
274 738 311 783 Ι,
335 738 389 784 II,
422 739 486 784 IV,
520 738 625 783 XIII,
659 738 736 782 XV,
769 738 875 772 XVII
907 737 1175 782 inscriptiones,
1215 748 1328 770 unum
1366 738 1542 780 praebent

193 801 259 847 III,
276 801 372 847 XIV,
390 789 525 838 XVIII.
558 802 756 848 Utriusque
774 802 916 848 generis
933 801 972 845 in
989 801 1155 846 epistulis
1179 812 1222 836 ex
1238 800 1355 835 Ponto
1378 800 1542 845 exempla

191 868 285 911 sunt,
313 866 419 901 huius
446 868 635 912 praeterea
661 866 827 912 Byblidis
855 866 1012 912 epistula.
1039 867 1096 900 est
1126 860 1231 913 (Met.
1259 864 1321 909 IX,
1350 865 1429 900 530
1458 860 1540 912 sq‚).

297 929 563 976 Aggrediamur
595 931 668 966 iam
701 942 755 976 ep.
784 930 827 976 V,
855 931 897 976 X,
925 930 988 975 XI,
1023 941 1176 976 quarum
1209 928 1314 964 initia
1345 929 1414 964 hoc
1446 929 1541 964 inter

191 1004 229 1029 se
264 994 379 1029 simile
412 994 563 1040 habent,
598 994 694 1040 quod
726 995 850 1039 aperte
884 994 922 1028 in
955 994 1071 1029 altero
1099 993 1252 1028 disticho
1279 993 1338 1028 vel
1364 993 1403 1027 in
1430 992 1539 1027 tertio

192 1053 277 1106 (XI)
306 1057 452 1103 dicitur,
488 1069 510 1093 a
538 1069 693 1104 quanam
719 1058 830 1093 missa
858 1057 905 1093 sit
933 1058 1088 1102 epistula.
1115 1059 1224 1103 atque
1252 1056 1290 1092 id
1317 1057 1370 1092 ita
1404 1056 1537 1092 indica—

191 1122 266 1165 tur,
300 1123 342 1155 ut
374 1123 453 1155 tum
486 1122 645 1166 primum
671 1121 818 1156 nomina
845 1121 966 1156 afferri
993 1123 1160 1166 apertum
1176 1120 1245 1156 rsit.
1300 1120 1398 1155 Haec
1425 1120 1538 1166 igitur

190 1185 307 1220 altera
332 1184 450 1220 forma
477 1187 533 1221 est
559 1185 802 1231 inscriptionis
830 1188 895 1221 aut
922 1184 1041 1230 tertia,
1070 1195 1162 1230 quae
1188 1185 1316 1230 poetae
1345 1184 1538 1220 tribuenda

190 1250 247 1282 est
273 1248 489 1283 varietatem
516 1248 697 1283 effecturo.

296 1311 499 1347 Decessisse
527 1311 641 1358 igitur
666 1314 812 1357 poetam
835 1312 879 1347 de
900 1313 1018 1348 forma
1040 1311 1223 1348 sollemnis
1245 1311 1340 1347 initii
1361 1311 1535 1357 videmus,

190 1378 300 1422 atque
329 1376 360 1411 si
387 1376 603 1414 conferimus
631 1388 651 1411 e
679 1376 718 1413 P.
746 1377 794 1421 11,
821 1379 859 1422 13
887 1376 954 1422 III,
980 1380 1014 1421 1,
1045 1379 1084 1422 7;
1112 1376 1171 1421 lV,
1195 1378 1230 1422 3,
1253 1378 1288 1421 4,
1318 1378 1353 1421 5,
1385 1378 1444 1421 10,
1477 1378 1536 1420 12,

194 1441 253 1484 14,
281 1440 344 1475 vel
368 1439 422 1474 ita
443 1439 542 1475 Naso
571 1439 770 1475 instituisse
797 1440 943 1475 videtur
971 1440 1155 1485 epistulas,
1182 1442 1225 1475 ut
1247 1440 1372 1475 statim
1395 1440 1441 1474 ad
1463 1452 1536 1475 me-

190 1502 267 1545 dias
300 1515 357 1539 res
390 1504 538 1539 accedat
565 1506 676 1550 atque
703 1504 791 1540 satis
819 1505 952 1540 habeat
978 1516 1110 1540 nomen
1138 1504 1231 1550 eius,
1264 1505 1311 1539 ad
1339 1517 1446 1551 quem
1473 1505 1537 1540 dat

189 1568 347 1613 litteras,
382 1568 498 1603 obiter
533 1568 654 1614 aliquo
682 1569 760 1604 loco
788 1580 1097 1605 commemorasse.
1153 1569 1328 1604 Similiter
1354 1569 1392 1603 in
1419 1569 1536 1604 heroi-

190 1632 276 1667 dum
303 1632 468 1677 epistulis
495 1632 559 1677 VI,
587 1632 676 1678 VII,
704 1633 791 1677 XII,
820 1633 926 1679 VIII,
953 1633 1021 1678 IX,
1047 1633 1150 1678 XVI,
1178 1633 1280 1678 XIX,
1308 1633 1373 1667 XX
1401 1633 1537 1669 factum

190 1698 262 1740 est3
290 1708 374 1731 nam
401 1707 576 1741 personae
602 1697 703 1742 ipsae
727 1697 853 1732 statim
876 1700 1150 1742 cognoscuntur,
1179 1697 1253 1732 sive
1276 1697 1371 1743 quod
1392 1697 1538 1732 nomina

190 1759 415 1805 inseruntur,
449 1761 524 1796 sive
552 1760 648 1806 quod
675 1772 797 1795 earum
827 1760 986 1796 condicio
1015 1763 1092 1796 tam
1119 1762 1283 1796 accurate
1311 1760 1537 1805 describitur,

190 1825 231 1859 ut
264 1823 424 1859 dubitari
456 1824 500 1859 de
532 1824 577 1860 iis
609 1827 775 1871 nequeat.
836 1825 963 1870 Itaque
997 1824 1073 1859 sine
1114 1824 1222 1859 dubio
1263 1824 1535 1870 diligentissime

152 1891 162 1900 ‘
191 1899 263 1923 non
292 1888 500 1924 observavit
527 1889 625 1923 Naso
654 1889 780 1924 stilum
806 1889 1049 1934 epistularem.

297 1952 505 1998 Sedtamen,
539 1963 621 1987 cum
648 1953 803 1988 relicuae
832 1953 1024 1999 epistulae,
1058 1953 1129 1989 etsi
1162 1953 1287 1989 statim
1320 1954 1366 1989 ad
1398 1953 1534 1989 medias

189 2027 248 2052 res
281 2016 462 2062 abripiant
495 2018 663 2062 lectores,
702 2020 824 2053 tamen
857 2018 909 2053 ita
942 2018 1174 2064 incipiantur,
1214 2021 1255 2054 ut
1290 2018 1390 2052 nulla
1427 2021 1535 2053 antea

190 2081 361 2126 cogitatio
390 2081 589 2126 supplenda
616 2081 673 2127 sit,
702 2083 837 2127 extant,
865 2082 930 2117 ubi
956 2082 1000 2117 de
1021 2082 1135 2117 initiis
1158 2082 1352 2127 deperditis
1375 2084 1416 2117 ut
1438 2082 1533 2127 cogi-

188 2147 298 2190 tetur,
326 2145 503 2181 rationem
529 2144 645 2190 ipsam
672 2145 823 2182 suadere
850 2148 973 2181 censet
1001 2146 1195 2182 Vahlenus.
1240 2147 1363 2192 Neque
1391 2146 1535 2181 dubitat

189 2221 208 2244 e
237 2209 475 2244 deterioribus
502 2209 603 2243 libris
630 2209 790 2253 recipere
817 2221 958 2254 versus,
992 2210 1053 2255 qui
1086 2211 1289 2255 compleant
1320 2210 1384 2244 illa
1415 2210 1533 2244 initia:

188 2259 271 2309 dico*
295 2284 349 2318 ep.
378 2272 460 2318 VII,
487 2272 548 2317 XI,
575 2272 655 2318 XII,
682 2272 778 2317 XVI,
807 2272 907 2309 VIII.

296 2338 375 2383 Age
402 2337 598 2382 videamus,
625 2348 717 2382 quae
745 2337 901 2372 traditae
924 2338 997 2372 sint
1024 2337 1272 2383 inscriptiones
1301 2338 1337 2372 iu
1358 2339 1532 2374 recentio-

188 2401 287 2437 ribus
314 2401 427 2437 libris.

297 2465 362 2510 Ep.
392 2466 442 2501 XI
469 2467 622 2511 initium,
651 2467 747 2512 quod
774 2467 932 2502 traditur
960 2479 986 2503 s.
1015 2468 1104 2502 XIII
1131 2468 1243 2513 libris,
1272 2467 1342 2513 ipsi
1369 2467 1533 2504 Vahleno

1257 2532 1276 2558 4
