1745 2813
233 672 247 677 -
300 613 388 666 Gap.
412 613 442 655 Ι.
492 613 548 655 De
572 612 842 666 epistularu-m
863 610 1076 653 heroidum
1100 610 1319 653 codicibus.

765 738 848 785 gi.

240 826 408 861 Carmina
446 806 510 862 ill‘a
543 826 677 872 Ovidii,
715 837 807 871 quae
845 837 939 861 nunc
976 826 1052 860 fere
1092 820 1273 860 ‘heroides’
1306 803 1484 859 nominari

133 889 260 935 solent,
283 901 305 924 a
326 892 434 934 poeta
456 890 534 934 ipso
558 888 769 934 simpliciter
792 885 986 932 ‘epistulas'
1009 888 1200 933 inscriptas
1224 898 1301 922 esse
1320 888 1483 931 homines

131 950 266 1002 doctil)
300 954 441 1000 saepius
475 966 519 990 ex
546 954 636 989 artis
664 952 809 989 amandi
835 953 912 989 loco
941 948 1030 1001 (111,
1061 953 1137 988 345
1157 946 1241 1001 sq.),
1276 951 1338 987 ubi
1374 962 1485 997 opera.

133 1027 198 1051 sua
226 1028 437 1052 enumerans
465 1019 572 1062 poeta
599 1017 643 1051 de
671 1017 734 1051 illo
762 1028 893 1061 genere
920 1017 1060 1061 poetico
1088 1016 1189 1050 dicit:

367 1091 436 1127 Vel
463 1091 532 1127 tibi
559 1091 757 1137 composita
784 1092 950 1127 cantetur
977 1092 1124 1136 epistula
1150 1102 1251 1128 voce:

405 1156 577 1201 Ignotum
598 1157 665 1191 hoc
693 1156 773 1190 aliis
801 1156 862 1190 ille
890 1156 1039 1190 novavit
1067 1166 1172 1200 opus,

131 1232 253 1277 colligi
275 1226 515 1279 voluerunt.²)
562 1231 754 1266 Sedtamen
777 1230 924 1266 dubium
946 1231 1091 1266 videtur
1113 1241 1203 1277 esse,
1226 1231 1349 1265 utrum
1373 1232 1482 1276 poeta

120 1296 195 1329 illo
233 1295 310 1329 loco
348 1295 493 1339 plenam
526 1295 725 1329 carminum
757 1295 903 1329 illorum
935 1294 1204 1339 inscriptionem
1238 1297 1401 1339 repetere
1436 1306 1483 1329 an

132 1359 252 1405 potius
281 1358 538 1405 significatione
566 1358 730 1395 breviore
758 1358 814 1393 uti
840 1358 1020 1395 maluerit.
1070 1358 1163 1393 Nam
1185 1370 1267 1393 cum
1289 1358 1382 1394 aliae
1406 1358 1481 1395 eius

133 1424 311 1468 epistulae
339 1424 498 1458 nondum
526 1425 701 1468 extarent,
728 1423 834 1458 facile
857 1435 949 1468 quae
972 1424 1269 1469 significarentur,
1296 1424 1482 1469 intellege-

133 1487 222 1522 bant
249 1475 413 1532 lectores,
440 1486 656 1531 praesertim
677 1497 758 1521 cum
780 1486 858 1531 ipso
881 1487 945 1521 illo
968 1487 1120 1522 disticho
1144 1487 1233 1522 satis
1255 1486 1484 1531 indicaretur,

133 1552 313 1597 quodnam
337 1553 433 1587 esset
455 1551 693 1596 epistularum
714 1562 837 1597 genus.
882 1552 1004 1597 Atque
1026 1552 1093 1587 hoc
1109 1551 1339 1597 potissimum
1354 1563 1485 1586 nomen

134 1616 352 1661 epistulae
380 1615 525 1651 videtur
547 1626 741 1660 usurpasse
765 1614 926 1660 Ovidius,
954 1616 1048 1661 quod
1071 1616 1136 1650 has
1160 1616 1294 1661 elegias
1318 1615 1485 1661 opposuit

134 1680 359 1716 brevioribus
388 1680 461 1715 illis
490 1692 573 1715 suos
600 1680 713 1725 ipsius
742 1680 1007 1716 celebrantibus
1036 1692 1190 1726 amores,
1219 1691 1308 1725 quas
1336 1679 1383 1714 ad
1410 1679 1484 1725 epi-

135 1744 311 1780 stularum
344 1744 498 1779 formam
531 1755 741 1789 componere
775 1744 901 1779 noluit.
939 1763 983 1768 —-
1025 1744 1114 1779 Cum
1152 1756 1237 1780 vero
1277 1745 1370 1780 liber
1408 1744 1484 1789 ipse

134 1809 358 1844 sollemniter
385 1812 464 1844 erat
491 1809 753 1854 inscribendus,
785 1809 861 1844 sine
890 1809 998 1844 dubio
1028 1810 1060 1844 ei
1088 1809 1233 1845 additus
1262 1812 1318 1844 est
1344 1810 1485 1854 titulus,

133 1883 203 1917 quo
238 1873 437 1908 accuratius
472 1874 653 1919 singulare
681 1873 771 1907 illud
799 1876 837 1908 et
863 1885 997 1909 novum
1025 1874 1223 1908 carminum
1251 1884 1365 1918 genus
1393 1873 1483 1907 indi-

134 1938 285 1971 caretur.
336 1938 460 1982 Neque
489 1937 583 1971 enim
611 1938 755 1972 omnino
783 1937 1021 1983 epistularum
1045 1938 1209 1973 versibus
1232 1939 1485 1982 conceptarum

132 2011 246 2046 genus
279 2000 457 2035 invenisse
492 2011 529 2034 se
563 2000 650 2035 dicit
676 2001 790 2047 Naso,
824 2000 920 2046 quod
952 2013 1024 2036 non
1057 2003 1153 2036 recte
1181 1996 1386 2049 dixisset3),
1422 2001 1485 2035 sed

223 2148 253 2187 1)
278 2146 326 2179 Of.
350 2146 392 2178 L.
410 2146 534 2179 Malleo-
556 2146 698 2192 inhMus.
716 2147 823 2179 Rhen.
840 2158 873 2181 n.
894 2158 918 2181 s,
935 2147 1047 2180 XVIII
1065 2159 1096 2189 p.
1115 2151 1157 2181 86
1174 2159 1222 2189 sq.

222 2197 370 2241 2)·Libri
397 2199 487 2232 enim
509 2210 610 2232 manu
634 2200 751 2241 scripti
778 2201 982 2233 recentiores
1003 2200 1145 2233 nimium
1167 2202 1330 2241 quantum
1351 2200 1486 2233 variant

133 2253 283 2294 titulum,
307 2264 382 2286 cum
404 2253 590 2295 praebeant
611 2254 674 2286 has
695 2254 945 2296 inscriptiones:
968 2254 1055 2287 liber
1076 2255 1262 2295 heroidum,
1284 2255 1307 2288 1.
1327 2254 1485 2296 epistula.-

134 2317 224 2347 rum,
252 2307 274 2339 l.
296 2306 473 2339 heroidum
501 2306 571 2339 sive
594 2306 831 2347 epistularum,
859 2308 882 2340 l.
910 2307 1086 2340 heroidum
1115 2307 1345 2349 epistularum.
1391 2308 1485 2340 Anti-

136 2359 271 2401 quiores
295 2359 375 2402 quid
397 2358 579 2392 habuerint
595 2358 728 2392 codices
752 2370 772 2392 a.
788 2360 898 2403 prima
914 2370 1027 2402 manu,
1050 2361 1225 2393 nescimus.
1269 2360 1389 2404 Itaque
1406 2361 1485 2394 inde

134 2414 220 2446 nihil
242 2413 400 2447 concludi
421 2413 512 2446 licet.
531 2432 571 2437 —
591 2412 655 2456 [Cf.
675 2423 761 2455 quae
783 2414 820 2447 in
841 2415 906 2448 fine
929 2416 1223 2448 commentationis
1245 2416 1364 2448 addita
1381 2417 1484 2459 sunt]

221 2468 254 2508 3)
273 2466 321 2500 cf.
348 2467 486 2508 Teuffel,
508 2466 604 2500 Rom.
620 2466 847 2500 -Lit.-Gesch.²
868 2479 900 2510 p.
919 2472 991 2501 507.
1011 2473 1029 2500 3
1053 2470 1088 2501 et
1110 2480 1142 2510 p.
1161 2473 1213 2508 351-

1208 2528 1221 2556 1
