1745 2813
754 117 1011 155 *19—

136 255 138 257 .
207 226 277 262 etsi
321 228 504 273 suspectos
548 226 663 261 habeo
676 253 685 270 ,
728 227 851 261 tamen
895 225 1130 260 condemnare
1175 237 1268 260 nunc
1312 237 1384 261 non
1428 224 1555 260 ausim.

209 290 434 337 Quamquam
460 302 528 336 ego
552 301 629 325 non
654 291 798 325 tantum
820 289 911 324 mihi
938 300 1091 334 assumo,
1119 291 1161 324 ut
1189 292 1252 324 aut
1279 301 1401 325 omnes
1429 300 1555 324 versus

209 355 348 401 spurios
371 367 429 390 me
450 354 631 390 invenisse
654 356 718 390 aut
739 366 812 390 non
832 353 904 388 nisi
926 364 1009 389 vere
1032 355 1201 402 certoque
1224 353 1432 389 subditicios
1451 353 1555 389 obelo

209 419 427 465 significasse
455 418 642 454 affirmem.
655 450 680 478 ⁶.

842 503 867 550 ξ
891 502 928 540 2.

317 589 446 635 Atque,
475 602 519 625 ne
543 590 657 626 omnis
679 592 825 625 nostrae
847 588 1139 625 commentationi
1161 588 1256 623 desit
1277 588 1374 634 ordo,
1401 587 1558 634 primum

208 654 272 689 illa
300 654 510 700 colligemus
538 655 690 690 disticha
716 655 857 698 ficticia,
886 665 976 699 quae
1006 654 1202 689 sententias
1230 653 1288 688 vel
1313 652 1473 698 proxime
1501 652 1559 687 vel

207 718 371 763 pluribus
404 719 627 764 interpositis
662 719 737 755 sive
764 718 1017 764 praecedentes
1046 717 1229 762 repetant,
1264 716 1338 752 sive
1368 719 1558 761 sequentes

207 783 429 831 praeripiant
456 783 640 829 paulisper
666 770 815 819 mutatis
843 782 972 834 verbis.

315 846 452 882 Verum
490 848 582 883 tales
616 848 870 895 indagantibus
902 847 1006 882 nobis
1043 858 1170 882 versus
1205 857 1346 881 summa
1379 856 1468 890 opus
1502 848 1558 880 est

209 911 384 947 cautione.
441 912 545 958 Nam,
572 914 614 948 ut
648 912 790 958 saepius
813 912 1049 948 vobservatum
1082 913 1148 957 est,
1176 911 1243 946 hoc
1264 912 1393 956 poetae
1415 909 1477 955 qui
1504 910 1557 944 di-

209 975 315 1010 stichi
348 976 464 1011 forma
496 978 649 1012 utuntur
679 977 902 1021 maximeque
931 975 1081 1012 Ovidius
1114 975 1250 1010 habent
1282 974 1483 1020 proprium,
1516 976 1558 1009 ut

208 1039 463 1084 cogitationem
508 1040 665 1085 aliquam
703 1040 833 1075 fortius
872 1039 1079 1085 producturi
1118 1050 1197 1074 eam
1235 1040 1404 1084 repetant
1441 1038 1557 1073 altero

209 1103 360 1139 disticho
388 1103 560 1139 diffictam
591 1105 699 1149 atque
727 1103 843 1138 denuo
870 1104 1016 1149 gravius
1045 1103 1318 1148 distinctiusque
1341 1113 1557 1148 expressam.

208 1167 334 1212 Itaque
357 1168 528 1204 nonnulla
550 1167 713 1213 disticha,
734 1179 825 1213 quae
848 1168 905 1203 hic
928 1170 993 1203 aut
1013 1168 1075 1202 ille
1098 1168 1205 1202 homo
1228 1168 1353 1202 doctus
1375 1169 1417 1201 ut
1440 1167 1557 1201 otiosa

209 1232 522 1277 suspectaverunt,
549 1243 614 1266 nos
641 1232 819 1267 cautiores
847 1219 1074 1267 retineamus.

316 1294 437 1339 Atque
465 1294 616 1330 Lenzius
644 1295 738 1331 falso
766 1296 805 1330 in
833 1295 1070 1341 suspicionem
1098 1295 1240 1330 vocavit
1266 1307 1298 1330 v.
1327 1295 1375 1340 ΙΙ,
1404 1296 1466 1339 29,
1495 1296 1557 1340 30,
1620 1323 1623 1326 .

209 1369 298 1403 quos
325 1358 499 1403 genuinos
528 1369 606 1393 esse
633 1370 727 1394 nunc
752 1371 875 1394 omnes
898 1361 995 1394 recte
1018 1359 1246 1393 consentiunt
1267 1355 1428 1394 homines
1450 1358 1556 1393 docti.

210 1422 328 1456 Minus
362 1422 471 1457 etiam
504 1422 766 1458 concedendum
806 1425 861 1458 est
900 1422 1133 1468 Sedlmayero
1177 1417 1216 1469 (l.
1245 1433 1273 1457 c.
1301 1435 1334 1467 p.
1365 1423 1416 1457 80
1443 1433 1477 1458 n.
1507 1423 1557 1457 60

210 1486 276 1519 sub
310 1482 435 1533 finem)
469 1488 609 1531 spurios
644 1498 722 1521 esse
754 1498 881 1522 versus
908 1475 1028 1531 XVII,
1059 1488 1132 1521 121
1159 1497 1226 1531 sq.,
1260 1486 1427 1531 quoniam
1455 1482 1558 1520 ‘nihil

209 1548 279 1583 nisi
311 1551 498 1594 repetatur
524 1550 597 1586 illis
626 1551 806 1586 sententia
832 1562 924 1596 quae
952 1550 1039 1586 insit
1065 1550 1103 1585 in
1129 1562 1164 1585 v.
1192 1551 1278 1596 119,
1310 1546 1410 1586 120’.
1465 1549 1558 1584 Nam

209 1615 352 1648 tantum
380 1614 494 1658 abest,
522 1616 564 1648 ut
591 1614 627 1648 in
655 1614 722 1649 hoc
750 1614 903 1649 disticho
932 1613 1056 1648 eadem
1082 1615 1281 1658 exponatur
1303 1613 1483 1648 sententia
1503 1615 1556 1647 at-

211 1687 281 1722 que
308 1676 346 1711 in
373 1677 534 1722 proximo
562 1677 724 1723 disticho,
752 1679 794 1713 ut
818 1677 1026 1713 intendatur
1048 1688 1210 1722 novaque
1232 1676 1390 1722 imagine
1412 1676 1558 1711 minime

211 1741 352 1785 vulgari
380 1743 556 1786 augeatur
584 1742 715 1786 orati03
742 1753 857 1786 neque
882 1742 958 1776 ulla
979 1741 1051 1776 alia
1073 1752 1181 1776 causa
1202 1740 1435 1776 confirmatur
1457 1740 1557 1775 Sedl-
1575 1738 1577 1740 ’

209 1803 349 1849 mayeri
387 1804 575 1839 sententia.
638 1804 740 1846 Quod
778 1806 873 1839 enim
912 1806 1054 1840 secutus
1088 1804 1398 1849 Eschenburgium
1406 1800 1436 1851 ¹)
1475 1815 1556 1848 pro-

210 1868 355 1903 ductam
387 1868 484 1903 vocis
518 1864 659 1903 ‘eredis'
694 1868 872 1914 syllabam
900 1864 957 1904 ‘is'
986 1868 1080 1913 apud
1108 1866 1276 1903 Ovidium
1303 1879 1479 1913 nusquam
1507 1867 1558 1902 in-

210 1931 325 1966 veniri
352 1931 449 1975 dicit,
476 1932 557 1967 inde
585 1932 652 1967 hoc
680 1944 798 1967 unum
818 1932 1028 1967 concludere
1056 1932 1182 1967 debuit
1209 1932 1327 1967 locum
1353 1932 1558 1967 coniectura

210 2006 288 2031 esse
315 1995 538 2031 tentandum.
582 1995 751 2031 Fortasse
778 1995 892 2041 igitur
918 1996 1049 2032 collato
1077 2007 1185 2032 versu
1206 1995 1284 2041 XV,
1302 1997 1378 2031 143
1402 1996 1556 2031 scriben-

211 2060 296 2095 dum
324 2061 380 2095 est
407 2055 535 2095 ‘credis
564 2061 601 2095 et
627 2059 695 2095 hoc
721 2056 881 2106 nobis?';
908 2059 999 2095 nihil
1026 2071 1111 2096 vero
1140 2060 1291 2096 affirmo.

318 2124 437 2168 Atque
471 2123 638 2158 similiter
676 2124 739 2161 alii
771 2125 985 2159 erravenmt
1018 2124 1107 2158 alios
1141 2124 1417 2159 condemnantes
1450 2124 1558 2170 locos,

210 2199 299 2234 quos
332 2198 414 2223 cum
448 2198 572 2223 eorum
600 2187 825 2224 coniecturae
853 2199 925 2223 non
952 2187 1025 2223 sint
1051 2188 1234 2233 probatae,
1263 2188 1474 2234 singillatim
1501 2200 1556 2223 re-

210 2252 336 2303 fellere
360 2251 583 2297 supersedeO.
621 2251 741 2287 Unum
759 2252 876 2287 locum
892 2252 1092 2287 accuratius
1110 2253 1269 2287 tractare
1285 2252 1402 2296 liceat,
1425 2252 1558 2298 quippe

211 2315 249 2351 in
276 2327 346 2361 quo
375 2315 438 2362 sit,
465 2315 561 2361 quod
589 2315 819 2351 offensionem
846 2316 1036 2361 praebeat,
1069 2327 1195 2352 versus
1223 2328 1277 2361 ep.
1300 2315 1328 2361 Ι,
1354 2317 1439 2362 111,
1470 2318 1559 2363 112,

299 2419 330 2459 1)
352 2417 533 2450 Meti-ischa
556 2417 859 2458 Untersuchungen
879 2417 963 2450 iiber
984 2416 1039 2449 die
1056 2416 1218 2449 Echtheit
1239 2416 1298 2448 der
1313 2416 1477 2448 Heroides
1500 2416 1560 2448 des

212 2470 301 2503 Ovid
322 2468 357 2502 in
380 2480 491 2512 progr.
514 2470 720 2503 Lubeccensi
743 2480 773 2502 a.
798 2473 881 2503 1874
902 2481 935 2512 p.
956 2472 1004 2503 18.

1256 2523 1301 2556 2*
