<?xml version="1.0" encoding="UTF-8"?>
<!DOCTYPE html PUBLIC "-//W3C//DTD XHTML 1.0 Transitional//EN"
    "http://www.w3.org/TR/xhtml1/DTD/xhtml1-transitional.dtd">
<html xmlns="http://www.w3.org/1999/xhtml" xml:lang="en" lang="en">
 <head>
  <title>
</title>
<meta http-equiv="Content-Type" content="text/html;charset=utf-8" />
  <meta name='ocr-system' content='tesseract 3.04.00' />
  <meta name='ocr-capabilities' content='ocr_page ocr_carea ocr_par ocr_line ocrx_word'/>
</head>
<body>
  <div class='ocr_page' id='page_1' title='image "4737333_0073.png"; bbox 0 0 1745 2813; ppageno 0'>
   <div class='ocr_carea' id='block_1_1' title="bbox 781 107 1045 146">
    <p class='ocr_par' dir='ltr' id='par_1_1' title="bbox 781 107 1045 146">
     <span class='ocr_line' id='line_1_1' title="bbox 781 107 1045 146; baseline 0.004 -12"><span class='ocrx_word' id='word_1_1' title='bbox 781 107 1045 146; x_wconf 75' lang='lat'>—55-</span> 
     </span>
    </p>
   </div>
   <div class='ocr_carea' id='block_1_2' title="bbox 220 215 1623 2188">
    <p class='ocr_par' dir='ltr' id='par_1_2' title="bbox 230 215 1587 649">
     <span class='ocr_line' id='line_1_2' title="bbox 231 215 1587 266; baseline -0.001 -11"><span class='ocrx_word' id='word_1_2' title='bbox 231 218 411 257; x_wconf 87' lang='lat' dir='ltr'><strong>notationi</strong></span> <span class='ocrx_word' id='word_1_3' title='bbox 438 230 483 254; x_wconf 92' lang='lat' dir='ltr'><strong>ne</strong></span> <span class='ocrx_word' id='word_1_4' title='bbox 512 229 582 254; x_wconf 90' lang='lat' dir='ltr'><strong>uno</strong></span> <span class='ocrx_word' id='word_1_5' title='bbox 610 215 755 264; x_wconf 87' lang='lat' dir='ltr'><strong>quidem</strong></span> <span class='ocrx_word' id='word_1_6' title='bbox 777 218 990 263; x_wconf 80' lang='lat' dir='ltr'><strong>argumento</strong></span> <span class='ocrx_word' id='word_1_7' title='bbox 1012 218 1123 254; x_wconf 80' lang='lat' dir='ltr'><strong>allato</strong></span> <span class='ocrx_word' id='word_1_8' title='bbox 1146 218 1234 254; x_wconf 87' lang='lat' dir='ltr'><strong>fides</strong></span> <span class='ocrx_word' id='word_1_9' title='bbox 1257 218 1461 266; x_wconf 78' lang='lat' dir='ltr'>derogetur,</span> <span class='ocrx_word' id='word_1_10' title='bbox 1488 220 1587 254; x_wconf 86' lang='lat' dir='ltr'><strong>certe</strong></span> 
     </span>
     <span class='ocr_line' id='line_1_3' title="bbox 232 280 1586 332; baseline -0.001 -14"><span class='ocrx_word' id='word_1_11' title='bbox 232 283 335 318; x_wconf 84' lang='lat' dir='ltr'><strong>nulla</strong></span> <span class='ocrx_word' id='word_1_12' title='bbox 372 284 429 318; x_wconf 89' lang='lat' dir='ltr'><strong>est</strong></span> <span class='ocrx_word' id='word_1_13' title='bbox 466 293 584 318; x_wconf 84' lang='lat' dir='ltr'><strong>causa.</strong></span> <span class='ocrx_word' id='word_1_14' title='bbox 646 280 739 316; x_wconf 84' lang='lat' dir='ltr'><strong>Sane</strong></span> <span class='ocrx_word' id='word_1_15' title='bbox 777 280 934 316; x_wconf 75' lang='lat' dir='ltr'>editores</span> <span class='ocrx_word' id='word_1_16' title='bbox 971 282 1135 317; x_wconf 89' lang='lat' dir='ltr'><strong>nonnulli</strong></span> <span class='ocrx_word' id='word_1_17' title='bbox 1173 282 1305 328; x_wconf 86' lang='lat' dir='ltr'><strong>Angeli</strong></span> <span class='ocrx_word' id='word_1_18' title='bbox 1339 282 1466 332; x_wconf 82' lang='lat' dir='ltr'><strong>Sabini</strong></span> <span class='ocrx_word' id='word_1_19' title='bbox 1499 282 1586 317; x_wconf 83' lang='lat' dir='ltr'><strong>Itali</strong></span> 
     </span>
     <span class='ocr_line' id='line_1_4' title="bbox 231 344 1585 393; baseline 0 -11"><span class='ocrx_word' id='word_1_20' title='bbox 231 346 329 382; x_wconf 88' lang='lat' dir='ltr'><strong>illius</strong></span> <span class='ocrx_word' id='word_1_21' title='bbox 363 357 454 382; x_wconf 85' lang='lat' dir='ltr'><strong>saec.</strong></span> <span class='ocrx_word' id='word_1_22' title='bbox 482 345 550 381; x_wconf 91' lang='lat' dir='ltr'><strong>XV</strong></span> <span class='ocrx_word' id='word_1_23' title='bbox 578 344 753 391; x_wconf 84' lang='lat' dir='ltr'><strong>epistulas</strong></span> <span class='ocrx_word' id='word_1_24' title='bbox 785 346 862 380; x_wconf 87' lang='lat' dir='ltr'><strong>tres</strong></span> <span class='ocrx_word' id='word_1_25' title='bbox 896 344 992 380; x_wconf 89' lang='lat' dir='ltr'><strong>inter</strong></span> <span class='ocrx_word' id='word_1_26' title='bbox 1019 344 1214 381; x_wconf 86' lang='lat' dir='ltr'><strong>Ovidianas</strong></span> <span class='ocrx_word' id='word_1_27' title='bbox 1243 346 1415 391; x_wconf 78' lang='lat' dir='ltr'><strong>epistulas</strong></span> <span class='ocrx_word' id='word_1_28' title='bbox 1443 357 1585 393; x_wconf 88' lang='lat' dir='ltr'><strong>recepe-</strong></span> 
     </span>
     <span class='ocr_line' id='line_1_5' title="bbox 231 407 1584 457; baseline 0 -11"><span class='ocrx_word' id='word_1_29' title='bbox 231 412 317 446; x_wconf 88' lang='lat' dir='ltr'><strong>runt</strong></span> <span class='ocrx_word' id='word_1_30' title='bbox 343 412 386 445; x_wconf 91' lang='lat' dir='ltr'><strong>ut</strong></span> <span class='ocrx_word' id='word_1_31' title='bbox 412 409 499 445; x_wconf 84' lang='lat' dir='ltr'><strong>Auli</strong></span> <span class='ocrx_word' id='word_1_32' title='bbox 527 408 653 444; x_wconf 88' lang='lat' dir='ltr'><strong>Sabini</strong></span> <span class='ocrx_word' id='word_1_33' title='bbox 681 407 800 444; x_wconf 84' lang='lat' dir='ltr'><strong>Ovidii</strong></span> <span class='ocrx_word' id='word_1_34' title='bbox 827 408 934 444; x_wconf 82' lang='lat' dir='ltr'><strong>amici</strong></span> <span class='ocrx_word' id='word_1_35' title='bbox 966 409 1141 453; x_wconf 84' lang='lat' dir='ltr'><strong>carmina,</strong></span> <span class='ocrx_word' id='word_1_36' title='bbox 1176 409 1240 445; x_wconf 91' lang='lat' dir='ltr'><strong>sed</strong></span> <span class='ocrx_word' id='word_1_37' title='bbox 1274 421 1335 445; x_wconf 87' lang='lat' dir='ltr'><strong>eos</strong></span> <span class='ocrx_word' id='word_1_38' title='bbox 1365 411 1432 446; x_wconf 88' lang='lat' dir='ltr'><strong>hoc</strong></span> <span class='ocrx_word' id='word_1_39' title='bbox 1459 411 1496 446; x_wconf 86' lang='lat' dir='ltr'><strong>in</strong></span> <span class='ocrx_word' id='word_1_40' title='bbox 1523 422 1584 457; x_wconf 88' lang='lat' dir='ltr'><strong>ge-</strong></span> 
     </span>
     <span class='ocr_line' id='line_1_6' title="bbox 233 471 1585 525; baseline 0 -16"><span class='ocrx_word' id='word_1_41' title='bbox 233 485 319 525; x_wconf 64' lang='lat' dir='ltr'><strong>nerp</strong></span> <span class='ocrx_word' id='word_1_42' title='bbox 346 474 500 509; x_wconf 86' lang='lat' dir='ltr'><strong>lectores</strong></span> <span class='ocrx_word' id='word_1_43' title='bbox 529 471 692 517; x_wconf 77' lang='lat' dir='ltr'><strong>decipere</strong></span> <span class='ocrx_word' id='word_1_44' title='bbox 714 471 873 507; x_wconf 87' lang='lat' dir='ltr'><strong>noluisse</strong></span> <span class='ocrx_word' id='word_1_45' title='bbox 895 471 978 507; x_wconf 91' lang='lat' dir='ltr'><strong>inde</strong></span> <span class='ocrx_word' id='word_1_46' title='bbox 1000 471 1122 518; x_wconf 85' lang='lat' dir='ltr'><strong>colligi</strong></span> <span class='ocrx_word' id='word_1_47' title='bbox 1143 483 1247 517; x_wconf 87' lang='lat' dir='ltr'><strong>posse</strong></span> <span class='ocrx_word' id='word_1_48' title='bbox 1269 475 1369 519; x_wconf 89' lang='lat' dir='ltr'><strong>puto,</strong></span> <span class='ocrx_word' id='word_1_49' title='bbox 1397 474 1492 520; x_wconf 91' lang='lat' dir='ltr'><strong>quod</strong></span> <span class='ocrx_word' id='word_1_50' title='bbox 1514 485 1585 509; x_wconf 90' lang='lat' dir='ltr'><strong>non</strong></span> 
     </span>
     <span class='ocr_line' id='line_1_7' title="bbox 230 536 1586 583; baseline 0 -10"><span class='ocrx_word' id='word_1_51' title='bbox 230 537 377 582; x_wconf 88' lang='lat' dir='ltr'><strong>dicitur,</strong></span> <span class='ocrx_word' id='word_1_52' title='bbox 416 536 479 572; x_wconf 93' lang='lat' dir='ltr'><strong>ubi</strong></span> <span class='ocrx_word' id='word_1_53' title='bbox 518 536 696 581; x_wconf 76' lang='lat' dir='ltr'><strong>epistulae</strong></span> <span class='ocrx_word' id='word_1_54' title='bbox 734 536 818 571; x_wconf 86' lang='lat' dir='ltr'><strong>illae</strong></span> <span class='ocrx_word' id='word_1_55' title='bbox 858 536 932 572; x_wconf 91' lang='lat' dir='ltr'><strong>sint</strong></span> <span class='ocrx_word' id='word_1_56' title='bbox 962 536 1147 583; x_wconf 77' lang='lat' dir='ltr'><strong>inventae3</strong></span> <span class='ocrx_word' id='word_1_57' title='bbox 1185 537 1355 572; x_wconf 88' lang='lat' dir='ltr'><strong>nimirum</strong></span> <span class='ocrx_word' id='word_1_58' title='bbox 1388 538 1483 583; x_wconf 92' lang='lat' dir='ltr'><strong>quod</strong></span> <span class='ocrx_word' id='word_1_59' title='bbox 1515 549 1586 573; x_wconf 90' lang='lat' dir='ltr'><strong>non</strong></span> 
     </span>
     <span class='ocr_line' id='line_1_8' title="bbox 231 596 679 649; baseline 0 -12"><span class='ocrx_word' id='word_1_60' title='bbox 231 603 357 637; x_wconf 83' lang='lat' dir='ltr'><strong>extant</strong></span> <span class='ocrx_word' id='word_1_61' title='bbox 383 600 422 635; x_wconf 93' lang='lat' dir='ltr'><strong>in</strong></span> <span class='ocrx_word' id='word_1_62' title='bbox 449 600 629 636; x_wconf 81' lang='lat' dir='ltr'><strong>codicibus</strong></span> <span class='ocrx_word' id='word_1_63' title='bbox 637 596 679 649; x_wconf 83' lang='lat'><strong>¹).</strong></span> 
     </span>
    </p>

    <p class='ocr_par' dir='ltr' id='par_1_3' title="bbox 227 664 1585 1356">
     <span class='ocr_line' id='line_1_9' title="bbox 336 664 1584 712; baseline 0.001 -11"><span class='ocrx_word' id='word_1_64' title='bbox 336 665 462 712; x_wconf 85' lang='lat' dir='ltr'><strong>Neque</strong></span> <span class='ocrx_word' id='word_1_65' title='bbox 490 665 589 701; x_wconf 85' lang='lat' dir='ltr'><strong>aliud</strong></span> <span class='ocrx_word' id='word_1_66' title='bbox 617 664 812 712; x_wconf 82' lang='lat' dir='ltr'><strong>quidquam</strong></span> <span class='ocrx_word' id='word_1_67' title='bbox 840 664 952 701; x_wconf 87' lang='lat' dir='ltr'><strong>statui</strong></span> <span class='ocrx_word' id='word_1_68' title='bbox 972 666 1097 711; x_wconf 89' lang='lat' dir='ltr'><strong>potest</strong></span> <span class='ocrx_word' id='word_1_69' title='bbox 1118 665 1188 700; x_wconf 86' lang='lat' dir='ltr'><strong>nisi</strong></span> <span class='ocrx_word' id='word_1_70' title='bbox 1210 665 1291 702; x_wconf 88' lang='lat' dir='ltr'><strong>hoc:</strong></span> <span class='ocrx_word' id='word_1_71' title='bbox 1320 665 1438 702; x_wconf 86' lang='lat' dir='ltr'><strong>redire</strong></span> <span class='ocrx_word' id='word_1_72' title='bbox 1462 677 1584 702; x_wconf 85' lang='lat' dir='ltr'><strong>omnes</strong></span> 
     </span>
     <span class='ocr_line' id='line_1_10' title="bbox 229 726 1583 776; baseline 0.001 -12"><span class='ocrx_word' id='word_1_73' title='bbox 229 730 342 765; x_wconf 91' lang='lat' dir='ltr'><strong>libros</strong></span> <span class='ocrx_word' id='word_1_74' title='bbox 370 729 416 764; x_wconf 84' lang='lat' dir='ltr'><strong>ad</strong></span> <span class='ocrx_word' id='word_1_75' title='bbox 443 730 627 775; x_wconf 84' lang='lat' dir='ltr'><strong>exemplar</strong></span> <span class='ocrx_word' id='word_1_76' title='bbox 655 731 713 765; x_wconf 82' lang='lat' dir='ltr'><strong>sat</strong></span> <span class='ocrx_word' id='word_1_77' title='bbox 738 729 937 775; x_wconf 83' lang='lat' dir='ltr'><strong>antiquum,</strong></span> <span class='ocrx_word' id='word_1_78' title='bbox 965 729 1061 775; x_wconf 92' lang='lat' dir='ltr'><strong>quod</strong></span> <span class='ocrx_word' id='word_1_79' title='bbox 1089 726 1141 765; x_wconf 77' lang='lat' dir='ltr'><strong>‘et</strong></span> <span class='ocrx_word' id='word_1_80' title='bbox 1168 742 1249 765; x_wconf 86' lang='lat' dir='ltr'><strong>cum</strong></span> <span class='ocrx_word' id='word_1_81' title='bbox 1276 730 1459 776; x_wconf 81' lang='lat' dir='ltr'><strong>integrum</strong></span> <span class='ocrx_word' id='word_1_82' title='bbox 1488 732 1583 766; x_wconf 86' lang='lat' dir='ltr'><strong>esset</strong></span> 
     </span>
     <span class='ocr_line' id='line_1_11' title="bbox 230 790 1585 840; baseline 0 -11"><span class='ocrx_word' id='word_1_83' title='bbox 230 795 268 829; x_wconf 91' lang='lat' dir='ltr'><strong>et</strong></span> <span class='ocrx_word' id='word_1_84' title='bbox 301 793 452 828; x_wconf 88' lang='lat' dir='ltr'><strong>duorum</strong></span> <span class='ocrx_word' id='word_1_85' title='bbox 486 792 656 828; x_wconf 85' lang='lat' dir='ltr'><strong>foliorum</strong></span> <span class='ocrx_word' id='word_1_86' title='bbox 689 792 829 829; x_wconf 89' lang='lat' dir='ltr'><strong>iactura</strong></span> <span class='ocrx_word' id='word_1_87' title='bbox 860 793 899 828; x_wconf 93' lang='lat' dir='ltr'><strong>in</strong></span> <span class='ocrx_word' id='word_1_88' title='bbox 931 793 1001 829; x_wconf 91' lang='lat' dir='ltr'><strong>fine</strong></span> <span class='ocrx_word' id='word_1_89' title='bbox 1039 790 1234 838; x_wconf 84' lang='lat' dir='ltr'><strong>mutilum&#39;,</strong></span> <span class='ocrx_word' id='word_1_90' title='bbox 1274 794 1494 840; x_wconf 87' lang='lat' dir='ltr'><strong>descriptum</strong></span> <span class='ocrx_word' id='word_1_91' title='bbox 1536 794 1585 830; x_wconf 87' lang='lat' dir='ltr'><strong>sit</strong></span> 
     </span>
     <span class='ocr_line' id='line_1_12' title="bbox 229 854 1580 906; baseline 0.001 -13"><span class='ocrx_word' id='word_1_92' title='bbox 229 854 398 906; x_wconf 83' lang='lat' dir='ltr'><strong>(Dilthey</strong></span> <span class='ocrx_word' id='word_1_93' title='bbox 438 857 482 893; x_wconf 89' lang='lat' dir='ltr'><strong>de</strong></span> <span class='ocrx_word' id='word_1_94' title='bbox 513 856 602 893; x_wconf 86' lang='lat' dir='ltr'><strong>Call.</strong></span> <span class='ocrx_word' id='word_1_95' title='bbox 637 856 725 903; x_wconf 83' lang='lat' dir='ltr'><strong>Cyd.</strong></span> <span class='ocrx_word' id='word_1_96' title='bbox 759 870 793 903; x_wconf 92' lang='lat' dir='ltr'><strong>p.</strong></span> <span class='ocrx_word' id='word_1_97' title='bbox 826 854 927 906; x_wconf 88' lang='lat'>135).</span> <span class='ocrx_word' id='word_1_98' title='bbox 991 858 1050 893; x_wconf 90' lang='lat' dir='ltr'><strong>An</strong></span> <span class='ocrx_word' id='word_1_99' title='bbox 1088 859 1129 893; x_wconf 89' lang='lat' dir='ltr'><strong>tu</strong></span> <span class='ocrx_word' id='word_1_100' title='bbox 1162 860 1270 903; x_wconf 85' lang='lat' dir='ltr'><strong>putas</strong></span> <span class='ocrx_word' id='word_1_101' title='bbox 1303 858 1437 894; x_wconf 89' lang='lat' dir='ltr'><strong>Italum</strong></span> <span class='ocrx_word' id='word_1_102' title='bbox 1470 859 1580 894; x_wconf 88' lang='lat' dir='ltr'><strong>versi-</strong></span> 
     </span>
     <span class='ocr_line' id='line_1_13' title="bbox 232 917 1581 971; baseline 0.001 -15"><span class='ocrx_word' id='word_1_103' title='bbox 232 922 416 958; x_wconf 87' lang='lat' dir='ltr'><strong>ficatorem</strong></span> <span class='ocrx_word' id='word_1_104' title='bbox 455 921 611 967; x_wconf 86' lang='lat' dir='ltr'><strong>primum</strong></span> <span class='ocrx_word' id='word_1_105' title='bbox 650 921 871 968; x_wconf 77' lang='lat' dir='ltr'><strong>acquievisse</strong></span> <span class='ocrx_word' id='word_1_106' title='bbox 908 922 947 957; x_wconf 90' lang='lat' dir='ltr'><strong>in</strong></span> <span class='ocrx_word' id='word_1_107' title='bbox 974 921 1122 957; x_wconf 86' lang='lat' dir='ltr'><strong>CXLIV</strong></span> <span class='ocrx_word' id='word_1_108' title='bbox 1162 917 1238 970; x_wconf 84' lang='lat' dir='ltr'><strong>(vel</strong></span> <span class='ocrx_word' id='word_1_109' title='bbox 1272 918 1454 971; x_wconf 89' lang='lat' dir='ltr'>CXXXII)</span> <span class='ocrx_word' id='word_1_110' title='bbox 1495 923 1581 958; x_wconf 87' lang='lat' dir='ltr'><strong>solis</strong></span> 
     </span>
     <span class='ocr_line' id='line_1_14' title="bbox 228 985 1580 1032; baseline 0.001 -10"><span class='ocrx_word' id='word_1_111' title='bbox 228 986 394 1022; x_wconf 86' lang='lat' dir='ltr'><strong>versibus</strong></span> <span class='ocrx_word' id='word_1_112' title='bbox 428 985 695 1023; x_wconf 67' lang='lat' dir='ltr'><strong>describendis?</strong></span> <span class='ocrx_word' id='word_1_113' title='bbox 730 997 776 1021; x_wconf 85' lang='lat' dir='ltr'><strong>an</strong></span> <span class='ocrx_word' id='word_1_114' title='bbox 808 998 894 1022; x_wconf 86' lang='lat' dir='ltr'><strong>vero</strong></span> <span class='ocrx_word' id='word_1_115' title='bbox 928 986 1099 1023; x_wconf 88' lang='lat' dir='ltr'><strong>credibile</strong></span> <span class='ocrx_word' id='word_1_116' title='bbox 1133 986 1232 1022; x_wconf 87' lang='lat' dir='ltr'><strong>ducis</strong></span> <span class='ocrx_word' id='word_1_117' title='bbox 1261 998 1407 1032; x_wconf 84' lang='lat' dir='ltr'><strong>operam</strong></span> <span class='ocrx_word' id='word_1_118' title='bbox 1434 987 1480 1023; x_wconf 91' lang='lat' dir='ltr'><strong>ab</strong></span> <span class='ocrx_word' id='word_1_119' title='bbox 1508 987 1580 1023; x_wconf 86' lang='lat' dir='ltr'><strong>alio</strong></span> 
     </span>
     <span class='ocr_line' id='line_1_15' title="bbox 228 1050 1580 1097; baseline 0 -11"><span class='ocrx_word' id='word_1_120' title='bbox 228 1051 407 1096; x_wconf 86' lang='lat' dir='ltr'><strong>inceptam</strong></span> <span class='ocrx_word' id='word_1_121' title='bbox 435 1051 480 1085; x_wconf 89' lang='lat' dir='ltr'><strong>ab</strong></span> <span class='ocrx_word' id='word_1_122' title='bbox 509 1050 579 1085; x_wconf 89' lang='lat' dir='ltr'><strong>alio</strong></span> <span class='ocrx_word' id='word_1_123' title='bbox 606 1051 810 1095; x_wconf 83' lang='lat' dir='ltr'><strong>pertextam</strong></span> <span class='ocrx_word' id='word_1_124' title='bbox 838 1050 940 1086; x_wconf 80' lang='lat' dir='ltr'><strong>esse?</strong></span> <span class='ocrx_word' id='word_1_125' title='bbox 984 1051 1110 1097; x_wconf 87' lang='lat' dir='ltr'><strong>Neque</strong></span> <span class='ocrx_word' id='word_1_126' title='bbox 1138 1051 1280 1087; x_wconf 87' lang='lat' dir='ltr'><strong>saeculo</strong></span> <span class='ocrx_word' id='word_1_127' title='bbox 1302 1051 1389 1086; x_wconf 91' lang='lat' dir='ltr'><strong>XIV</strong></span> <span class='ocrx_word' id='word_1_128' title='bbox 1411 1052 1469 1087; x_wconf 93' lang='lat' dir='ltr'><strong>vel</strong></span> <span class='ocrx_word' id='word_1_129' title='bbox 1490 1052 1580 1086; x_wconf 92' lang='lat' dir='ltr'>XIII</span> 
     </span>
     <span class='ocr_line' id='line_1_16' title="bbox 229 1114 1580 1162; baseline 0.001 -12"><span class='ocrx_word' id='word_1_130' title='bbox 229 1127 290 1151; x_wconf 89' lang='lat' dir='ltr'><strong>eos</strong></span> <span class='ocrx_word' id='word_1_131' title='bbox 324 1115 470 1150; x_wconf 83' lang='lat' dir='ltr'><strong>conflari</strong></span> <span class='ocrx_word' id='word_1_132' title='bbox 505 1114 667 1160; x_wconf 85' lang='lat' dir='ltr'><strong>potuisse</strong></span> <span class='ocrx_word' id='word_1_133' title='bbox 700 1116 811 1160; x_wconf 85' lang='lat' dir='ltr'><strong>patet.</strong></span> <span class='ocrx_word' id='word_1_134' title='bbox 868 1115 1085 1151; x_wconf 86' lang='lat' dir='ltr'><strong>Continuare</strong></span> <span class='ocrx_word' id='word_1_135' title='bbox 1119 1116 1217 1151; x_wconf 86' lang='lat' dir='ltr'><strong>certe</strong></span> <span class='ocrx_word' id='word_1_136' title='bbox 1251 1115 1429 1162; x_wconf 88' lang='lat' dir='ltr'><strong>quondam</strong></span> <span class='ocrx_word' id='word_1_137' title='bbox 1463 1116 1580 1152; x_wconf 89' lang='lat' dir='ltr'><strong>voluit</strong></span> 
     </span>
     <span class='ocr_line' id='line_1_17' title="bbox 228 1179 1578 1227; baseline 0 -12"><span class='ocrx_word' id='word_1_138' title='bbox 228 1180 420 1225; x_wconf 82' lang='lat' dir='ltr'><strong>epistulam</strong></span> <span class='ocrx_word' id='word_1_139' title='bbox 453 1179 619 1215; x_wconf 88' lang='lat' dir='ltr'><strong>mutilam</strong></span> <span class='ocrx_word' id='word_1_140' title='bbox 651 1180 757 1215; x_wconf 90' lang='lat' dir='ltr'><strong>homo</strong></span> <span class='ocrx_word' id='word_1_141' title='bbox 792 1179 937 1225; x_wconf 89' lang='lat' dir='ltr'><strong>quidam</strong></span> <span class='ocrx_word' id='word_1_142' title='bbox 965 1180 1098 1215; x_wconf 86' lang='lat' dir='ltr'><strong>saeculi</strong></span> <span class='ocrx_word' id='word_1_143' title='bbox 1125 1182 1167 1215; x_wconf 88' lang='lat' dir='ltr'><strong>ut</strong></span> <span class='ocrx_word' id='word_1_144' title='bbox 1198 1180 1344 1215; x_wconf 87' lang='lat' dir='ltr'><strong>videtur</strong></span> <span class='ocrx_word' id='word_1_145' title='bbox 1370 1180 1477 1226; x_wconf 88' lang='lat' dir='ltr'>XIII,</span> <span class='ocrx_word' id='word_1_146' title='bbox 1506 1181 1578 1227; x_wconf 89' lang='lat' dir='ltr'><strong>qui,</strong></span> 
     </span>
     <span class='ocr_line' id='line_1_18' title="bbox 227 1243 1577 1290; baseline 0 -11"><span class='ocrx_word' id='word_1_147' title='bbox 227 1255 335 1290; x_wconf 84' lang='lat' dir='ltr'><strong>quam</strong></span> <span class='ocrx_word' id='word_1_148' title='bbox 368 1254 498 1288; x_wconf 87' lang='lat' dir='ltr'><strong>pravos</strong></span> <span class='ocrx_word' id='word_1_149' title='bbox 532 1245 640 1288; x_wconf 90' lang='lat' dir='ltr'><strong>atque</strong></span> <span class='ocrx_word' id='word_1_150' title='bbox 673 1243 827 1278; x_wconf 86' lang='lat' dir='ltr'><strong>insulsos</strong></span> <span class='ocrx_word' id='word_1_151' title='bbox 860 1244 1056 1278; x_wconf 86' lang='lat' dir='ltr'><strong>versiculos</strong></span> <span class='ocrx_word' id='word_1_152' title='bbox 1096 1244 1129 1278; x_wconf 93' lang='lat' dir='ltr'><strong>ei</strong></span> <span class='ocrx_word' id='word_1_153' title='bbox 1162 1243 1387 1289; x_wconf 84' lang='lat' dir='ltr'><strong>adnexuerit,</strong></span> <span class='ocrx_word' id='word_1_154' title='bbox 1423 1244 1516 1289; x_wconf 89' lang='lat' dir='ltr'><strong>vide,</strong></span> <span class='ocrx_word' id='word_1_155' title='bbox 1546 1245 1577 1279; x_wconf 86' lang='lat' dir='ltr'><strong>si</strong></span> 
     </span>
     <span class='ocr_line' id='line_1_19' title="bbox 229 1302 1168 1356; baseline 0 -12"><span class='ocrx_word' id='word_1_156' title='bbox 229 1308 363 1354; x_wconf 86' lang='lat' dir='ltr'><strong>placet,</strong></span> <span class='ocrx_word' id='word_1_157' title='bbox 391 1307 487 1353; x_wconf 91' lang='lat' dir='ltr'><strong>apud</strong></span> <span class='ocrx_word' id='word_1_158' title='bbox 516 1307 789 1353; x_wconf 82' lang='lat' dir='ltr'><strong>Sedlmayerum</strong></span> <span class='ocrx_word' id='word_1_159' title='bbox 817 1302 924 1356; x_wconf 89' lang='lat' dir='ltr'><strong>(prol.</strong></span> <span class='ocrx_word' id='word_1_160' title='bbox 942 1307 1020 1343; x_wconf 88' lang='lat' dir='ltr'><strong>crit.</strong></span> <span class='ocrx_word' id='word_1_161' title='bbox 1037 1320 1071 1353; x_wconf 89' lang='lat' dir='ltr'><strong>p.</strong></span> <span class='ocrx_word' id='word_1_162' title='bbox 1091 1303 1168 1356; x_wconf 81' lang='lat'>77).</span> 
     </span>
    </p>

    <p class='ocr_par' dir='ltr' id='par_1_4' title="bbox 227 1371 1576 1482">
     <span class='ocr_line' id='line_1_20' title="bbox 333 1371 1576 1417; baseline 0.002 -11"><span class='ocrx_word' id='word_1_163' title='bbox 333 1372 453 1417; x_wconf 84' lang='lat' dir='ltr'><strong>Atque</strong></span> <span class='ocrx_word' id='word_1_164' title='bbox 487 1383 613 1407; x_wconf 86' lang='lat' dir='ltr'><strong>versus</strong></span> <span class='ocrx_word' id='word_1_165' title='bbox 644 1371 727 1406; x_wconf 89' lang='lat' dir='ltr'><strong>illos</strong></span> <span class='ocrx_word' id='word_1_166' title='bbox 755 1383 827 1406; x_wconf 89' lang='lat' dir='ltr'><strong>non</strong></span> <span class='ocrx_word' id='word_1_167' title='bbox 855 1383 898 1406; x_wconf 84' lang='lat' dir='ltr'><strong>ex</strong></span> <span class='ocrx_word' id='word_1_168' title='bbox 925 1371 1011 1406; x_wconf 86' lang='lat' dir='ltr'><strong>Itali</strong></span> <span class='ocrx_word' id='word_1_169' title='bbox 1038 1371 1188 1406; x_wconf 85' lang='lat' dir='ltr'><strong>alicuius</strong></span> <span class='ocrx_word' id='word_1_170' title='bbox 1217 1372 1359 1407; x_wconf 86' lang='lat' dir='ltr'><strong>officina</strong></span> <span class='ocrx_word' id='word_1_171' title='bbox 1386 1373 1576 1417; x_wconf 85' lang='lat' dir='ltr'><strong>profectos,</strong></span> 
     </span>
     <span class='ocr_line' id='line_1_21' title="bbox 227 1434 1315 1482; baseline 0 -11"><span class='ocrx_word' id='word_1_172' title='bbox 227 1436 290 1471; x_wconf 88' lang='lat' dir='ltr'><strong>sed</strong></span> <span class='ocrx_word' id='word_1_173' title='bbox 316 1435 492 1482; x_wconf 86' lang='lat' dir='ltr'><strong>genuinos</strong></span> <span class='ocrx_word' id='word_1_174' title='bbox 520 1446 600 1471; x_wconf 88' lang='lat' dir='ltr'><strong>esse</strong></span> <span class='ocrx_word' id='word_1_175' title='bbox 628 1435 825 1481; x_wconf 90' lang='lat' dir='ltr'><strong>compluria</strong></span> <span class='ocrx_word' id='word_1_176' title='bbox 852 1434 1064 1470; x_wconf 87' lang='lat' dir='ltr'><strong>confirmant</strong></span> <span class='ocrx_word' id='word_1_177' title='bbox 1092 1437 1315 1481; x_wconf 85' lang='lat' dir='ltr'><strong>argumenta.</strong></span> 
     </span>
    </p>

    <p class='ocr_par' dir='ltr' id='par_1_5' title="bbox 220 1499 1623 2188">
     <span class='ocr_line' id='line_1_22' title="bbox 334 1499 1577 1545; baseline 0 -9"><span class='ocrx_word' id='word_1_178' title='bbox 334 1500 424 1536; x_wconf 89' lang='lat' dir='ltr'><strong>Cum</strong></span> <span class='ocrx_word' id='word_1_179' title='bbox 463 1500 539 1536; x_wconf 85' lang='lat' dir='ltr'><strong>sine</strong></span> <span class='ocrx_word' id='word_1_180' title='bbox 579 1500 687 1535; x_wconf 92' lang='lat' dir='ltr'><strong>dubio</strong></span> <span class='ocrx_word' id='word_1_181' title='bbox 726 1500 892 1535; x_wconf 84' lang='lat' dir='ltr'><strong>ultimam</strong></span> <span class='ocrx_word' id='word_1_182' title='bbox 930 1500 1022 1535; x_wconf 87' lang='lat' dir='ltr'><strong>hanc</strong></span> <span class='ocrx_word' id='word_1_183' title='bbox 1060 1499 1269 1545; x_wconf 83' lang='lat' dir='ltr'><strong>epistulam,</strong></span> <span class='ocrx_word' id='word_1_184' title='bbox 1307 1511 1388 1534; x_wconf 87' lang='lat' dir='ltr'><strong>cum</strong></span> <span class='ocrx_word' id='word_1_185' title='bbox 1421 1500 1577 1545; x_wconf 87' lang='lat' dir='ltr'><strong>primum</strong></span> 
     </span>
     <span class='ocr_line' id='line_1_23' title="bbox 227 1563 1576 1610; baseline 0.001 -11"><span class='ocrx_word' id='word_1_186' title='bbox 227 1563 405 1610; x_wconf 88' lang='lat' dir='ltr'><strong>ederetur,</strong></span> <span class='ocrx_word' id='word_1_187' title='bbox 432 1563 597 1600; x_wconf 84' lang='lat' dir='ltr'><strong>versibus</strong></span> <span class='ocrx_word' id='word_1_188' title='bbox 623 1563 820 1609; x_wconf 87' lang='lat' dir='ltr'><strong>duodecim,</strong></span> <span class='ocrx_word' id='word_1_189' title='bbox 848 1564 885 1599; x_wconf 90' lang='lat' dir='ltr'><strong>in</strong></span> <span class='ocrx_word' id='word_1_190' title='bbox 907 1563 1036 1610; x_wconf 87' lang='lat' dir='ltr'><strong>quibus</strong></span> <span class='ocrx_word' id='word_1_191' title='bbox 1064 1563 1153 1598; x_wconf 88' lang='lat' dir='ltr'><strong>nihil</strong></span> <span class='ocrx_word' id='word_1_192' title='bbox 1183 1575 1267 1599; x_wconf 88' lang='lat' dir='ltr'><strong>sane</strong></span> <span class='ocrx_word' id='word_1_193' title='bbox 1290 1563 1385 1599; x_wconf 89' lang='lat' dir='ltr'><strong>inest</strong></span> <span class='ocrx_word' id='word_1_194' title='bbox 1405 1564 1474 1600; x_wconf 89' lang='lat' dir='ltr'><strong>nisi</strong></span> <span class='ocrx_word' id='word_1_195' title='bbox 1495 1577 1576 1610; x_wconf 89' lang='lat' dir='ltr'><strong>pro-</strong></span> 
     </span>
     <span class='ocr_line' id='line_1_24' title="bbox 226 1628 1623 1674; baseline 0.001 -11"><span class='ocrx_word' id='word_1_196' title='bbox 226 1629 397 1674; x_wconf 89' lang='lat' dir='ltr'><strong>oemium,</strong></span> <span class='ocrx_word' id='word_1_197' title='bbox 430 1629 634 1665; x_wconf 84' lang='lat' dir='ltr'><strong>absolutam</strong></span> <span class='ocrx_word' id='word_1_198' title='bbox 667 1628 778 1664; x_wconf 87' lang='lat' dir='ltr'><strong>fuisse</strong></span> <span class='ocrx_word' id='word_1_199' title='bbox 813 1639 917 1663; x_wconf 90' lang='lat' dir='ltr'><strong>nemo</strong></span> <span class='ocrx_word' id='word_1_200' title='bbox 952 1628 1021 1664; x_wconf 84' lang='lat' dir='ltr'><strong>sibi</strong></span> <span class='ocrx_word' id='word_1_201' title='bbox 1053 1640 1292 1674; x_wconf 86' lang='lat' dir='ltr'><strong>persuasurus</strong></span> <span class='ocrx_word' id='word_1_202' title='bbox 1326 1629 1388 1674; x_wconf 88' lang='lat' dir='ltr'><strong>sit,</strong></span> <span class='ocrx_word' id='word_1_203' title='bbox 1422 1628 1577 1674; x_wconf 87' lang='lat' dir='ltr'><strong>epistula</strong></span> <span class='ocrx_word' id='word_1_204' title='bbox 1621 1669 1623 1671; x_wconf 21' lang='lat'><strong><em>¹</em></strong></span> 
     </span>
     <span class='ocr_line' id='line_1_25' title="bbox 220 1692 1576 1743; baseline 0 -15"><span class='ocrx_word' id='word_1_205' title='bbox 220 1705 339 1743; x_wconf 87' lang='lat' dir='ltr'><strong>paene</strong></span> <span class='ocrx_word' id='word_1_206' title='bbox 366 1695 446 1729; x_wconf 86' lang='lat' dir='ltr'><strong>tota</strong></span> <span class='ocrx_word' id='word_1_207' title='bbox 472 1692 659 1739; x_wconf 89' lang='lat' dir='ltr'><strong>deperdita</strong></span> <span class='ocrx_word' id='word_1_208' title='bbox 687 1695 826 1728; x_wconf 90' lang='lat' dir='ltr'><strong>ceteros</strong></span> <span class='ocrx_word' id='word_1_209' title='bbox 855 1704 980 1729; x_wconf 85' lang='lat' dir='ltr'><strong>versus</strong></span> <span class='ocrx_word' id='word_1_210' title='bbox 1006 1693 1190 1738; x_wconf 78' lang='lat' dir='ltr'><strong>suppletus</strong></span> <span class='ocrx_word' id='word_1_211' title='bbox 1213 1704 1291 1728; x_wconf 88' lang='lat' dir='ltr'><strong>esse</strong></span> <span class='ocrx_word' id='word_1_212' title='bbox 1314 1693 1576 1729; x_wconf 87' lang='lat' dir='ltr'><strong>renascentium</strong></span> 
     </span>
     <span class='ocr_line' id='line_1_26' title="bbox 226 1756 1575 1803; baseline 0 -10"><span class='ocrx_word' id='word_1_213' title='bbox 226 1758 431 1793; x_wconf 83' lang='lat' dir='ltr'><strong>litterarum</strong></span> <span class='ocrx_word' id='word_1_214' title='bbox 459 1760 621 1803; x_wconf 87' lang='lat' dir='ltr'><strong>tempore</strong></span> <span class='ocrx_word' id='word_1_215' title='bbox 648 1757 849 1802; x_wconf 90' lang='lat' dir='ltr'><strong>putandum</strong></span> <span class='ocrx_word' id='word_1_216' title='bbox 876 1758 949 1793; x_wconf 91' lang='lat' dir='ltr'><strong>est:</strong></span> <span class='ocrx_word' id='word_1_217' title='bbox 989 1757 1040 1792; x_wconf 94' lang='lat' dir='ltr'><strong>At</strong></span> <span class='ocrx_word' id='word_1_218' title='bbox 1068 1756 1129 1803; x_wconf 89' lang='lat' dir='ltr'><strong>qui</strong></span> <span class='ocrx_word' id='word_1_219' title='bbox 1156 1756 1293 1792; x_wconf 88' lang='lat' dir='ltr'><strong>homini</strong></span> <span class='ocrx_word' id='word_1_220' title='bbox 1319 1756 1417 1792; x_wconf 89' lang='lat' dir='ltr'><strong>illius</strong></span> <span class='ocrx_word' id='word_1_221' title='bbox 1445 1757 1575 1793; x_wconf 87' lang='lat' dir='ltr'><strong>aetatis</strong></span> 
     </span>
     <span class='ocr_line' id='line_1_27' title="bbox 225 1820 1576 1867; baseline 0.001 -11"><span class='ocrx_word' id='word_1_222' title='bbox 225 1822 389 1857; x_wconf 86' lang='lat' dir='ltr'><strong>litterato</strong></span> <span class='ocrx_word' id='word_1_223' title='bbox 423 1821 651 1867; x_wconf 84' lang='lat' dir='ltr'><strong>contigisset,</strong></span> <span class='ocrx_word' id='word_1_224' title='bbox 690 1822 732 1855; x_wconf 88' lang='lat' dir='ltr'><strong>ut</strong></span> <span class='ocrx_word' id='word_1_225' title='bbox 765 1820 929 1856; x_wconf 88' lang='lat' dir='ltr'><strong>Ovidiani</strong></span> <span class='ocrx_word' id='word_1_226' title='bbox 966 1820 1158 1865; x_wconf 89' lang='lat' dir='ltr'><strong>epistulam</strong></span> <span class='ocrx_word' id='word_1_227' title='bbox 1190 1820 1243 1855; x_wconf 84' lang='lat' dir='ltr'><strong>ita</strong></span> <span class='ocrx_word' id='word_1_228' title='bbox 1276 1821 1502 1856; x_wconf 88' lang='lat' dir='ltr'><strong>continuaret</strong></span> <span class='ocrx_word' id='word_1_229' title='bbox 1535 1834 1576 1857; x_wconf 89' lang='lat' dir='ltr'><strong>ac</strong></span> 
     </span>
     <span class='ocr_line' id='line_1_28' title="bbox 223 1881 1607 1931; baseline -0.001 -10"><span class='ocrx_word' id='word_1_230' title='bbox 223 1886 427 1931; x_wconf 88' lang='lat' dir='ltr'><strong>perficeret,</strong></span> <span class='ocrx_word' id='word_1_231' title='bbox 460 1887 503 1920; x_wconf 90' lang='lat' dir='ltr'><strong>ut</strong></span> <span class='ocrx_word' id='word_1_232' title='bbox 535 1885 577 1920; x_wconf 89' lang='lat' dir='ltr'><strong>fit</strong></span> <span class='ocrx_word' id='word_1_233' title='bbox 613 1884 677 1920; x_wconf 87' lang='lat' dir='ltr'><strong>illa</strong></span> <span class='ocrx_word' id='word_1_234' title='bbox 708 1888 827 1929; x_wconf 83' lang='lat' dir='ltr'><strong>parte,</strong></span> <span class='ocrx_word' id='word_1_235' title='bbox 861 1895 967 1930; x_wconf 91' lang='lat' dir='ltr'><strong>quam</strong></span> <span class='ocrx_word' id='word_1_236' title='bbox 1002 1883 1171 1919; x_wconf 85' lang='lat' dir='ltr'><strong>exhibent</strong></span> <span class='ocrx_word' id='word_1_237' title='bbox 1205 1883 1379 1919; x_wconf 89' lang='lat' dir='ltr'><strong>editiones</strong></span> <span class='ocrx_word' id='word_1_238' title='bbox 1412 1885 1573 1929; x_wconf 75' lang='lat' dir='ltr'><strong>primae?</strong></span> <span class='ocrx_word' id='word_1_239' title='bbox 1601 1881 1607 1885; x_wconf 79' lang='grc'><strong>’</strong></span> 
     </span>
     <span class='ocr_line' id='line_1_29' title="bbox 225 1942 1573 1994; baseline 0 -10"><span class='ocrx_word' id='word_1_240' title='bbox 225 1949 264 1984; x_wconf 83' lang='lat' dir='ltr'><strong>Si</strong></span> <span class='ocrx_word' id='word_1_241' title='bbox 291 1951 540 1994; x_wconf 89' lang='lat' dir='ltr'><strong>repeterentur</strong></span> <span class='ocrx_word' id='word_1_242' title='bbox 567 1951 605 1984; x_wconf 91' lang='lat' dir='ltr'><strong>et</strong></span> <span class='ocrx_word' id='word_1_243' title='bbox 630 1942 937 1993; x_wconf 46' lang='lat' dir='ltr'><strong>&#39;amplificarentur</strong></span> <span class='ocrx_word' id='word_1_244' title='bbox 958 1947 1150 1983; x_wconf 85' lang='lat' dir='ltr'><strong>maximam</strong></span> <span class='ocrx_word' id='word_1_245' title='bbox 1171 1949 1313 1992; x_wconf 88' lang='lat' dir='ltr'><strong>partem</strong></span> <span class='ocrx_word' id='word_1_246' title='bbox 1342 1959 1394 1993; x_wconf 86' lang='lat' dir='ltr'><strong>ea,</strong></span> <span class='ocrx_word' id='word_1_247' title='bbox 1422 1960 1514 1993; x_wconf 85' lang='lat' dir='ltr'><strong>quae</strong></span> <span class='ocrx_word' id='word_1_248' title='bbox 1536 1949 1573 1984; x_wconf 93' lang='lat' dir='ltr'><strong>in</strong></span> 
     </span>
     <span class='ocr_line' id='line_1_30' title="bbox 223 2001 1571 2059; baseline -0.001 -11"><span class='ocrx_word' id='word_1_249' title='bbox 223 2012 343 2059; x_wconf 88' lang='lat' dir='ltr'><strong>priore</strong></span> <span class='ocrx_word' id='word_1_250' title='bbox 388 2012 544 2059; x_wconf 87' lang='lat' dir='ltr'><strong>epistula</strong></span> <span class='ocrx_word' id='word_1_251' title='bbox 581 2013 729 2048; x_wconf 84' lang='lat' dir='ltr'><strong>narrata</strong></span> <span class='ocrx_word' id='word_1_252' title='bbox 768 2014 887 2057; x_wconf 87' lang='lat' dir='ltr'><strong>erant,</strong></span> <span class='ocrx_word' id='word_1_253' title='bbox 926 2014 990 2048; x_wconf 89' lang='lat' dir='ltr'><strong>aut</strong></span> <span class='ocrx_word' id='word_1_254' title='bbox 1032 2012 1124 2047; x_wconf 87' lang='lat' dir='ltr'><strong>tales</strong></span> <span class='ocrx_word' id='word_1_255' title='bbox 1163 2011 1440 2048; x_wconf 87' lang='lat' dir='ltr'><strong>adnecterentur</strong></span> <span class='ocrx_word' id='word_1_256' title='bbox 1477 2001 1571 2059; x_wconf 86' lang='lat' dir='ltr'><strong>cogi-</strong></span> 
     </span>
     <span class='ocr_line' id='line_1_31' title="bbox 224 2076 1577 2123; baseline -0.001 -10"><span class='ocrx_word' id='word_1_257' title='bbox 224 2078 394 2123; x_wconf 85' lang='lat' dir='ltr'><strong>tationes,</strong></span> <span class='ocrx_word' id='word_1_258' title='bbox 434 2078 558 2123; x_wconf 89' lang='lat' dir='ltr'><strong>quales</strong></span> <span class='ocrx_word' id='word_1_259' title='bbox 591 2077 763 2112; x_wconf 84' lang='lat' dir='ltr'><strong>facillime</strong></span> <span class='ocrx_word' id='word_1_260' title='bbox 796 2077 929 2123; x_wconf 86' lang='lat' dir='ltr'><strong>fingere</strong></span> <span class='ocrx_word' id='word_1_261' title='bbox 963 2078 1105 2121; x_wconf 89' lang='lat' dir='ltr'><strong>poterat</strong></span> <span class='ocrx_word' id='word_1_262' title='bbox 1138 2077 1197 2112; x_wconf 88' lang='lat' dir='ltr'><strong>vel</strong></span> <span class='ocrx_word' id='word_1_263' title='bbox 1229 2076 1276 2122; x_wconf 91' lang='lat' dir='ltr'><strong>is,</strong></span> <span class='ocrx_word' id='word_1_264' title='bbox 1316 2077 1378 2123; x_wconf 91' lang='lat' dir='ltr'><strong>qui</strong></span> <span class='ocrx_word' id='word_1_265' title='bbox 1415 2077 1577 2122; x_wconf 61' lang='lat' dir='ltr'><strong>fabulae,</strong></span> 
     </span>
     <span class='ocr_line' id='line_1_32' title="bbox 224 2138 1571 2188; baseline -0.001 -11"><span class='ocrx_word' id='word_1_266' title='bbox 224 2153 332 2188; x_wconf 89' lang='lat' dir='ltr'><strong>quam</strong></span> <span class='ocrx_word' id='word_1_267' title='bbox 359 2142 583 2177; x_wconf 84' lang='lat' dir='ltr'><strong>tractaturus</strong></span> <span class='ocrx_word' id='word_1_268' title='bbox 616 2142 705 2184; x_wconf 86' lang='lat' dir='ltr'><strong>erat,</strong></span> <span class='ocrx_word' id='word_1_269' title='bbox 732 2140 899 2179; x_wconf 86' lang='lat' dir='ltr'><strong>notitiam</strong></span> <span class='ocrx_word' id='word_1_270' title='bbox 926 2140 988 2175; x_wconf 89' lang='lat' dir='ltr'><strong>uni</strong></span> <span class='ocrx_word' id='word_1_271' title='bbox 1016 2140 1191 2185; x_wconf 86' lang='lat' dir='ltr'><strong>epistulae</strong></span> <span class='ocrx_word' id='word_1_272' title='bbox 1215 2138 1277 2175; x_wconf 85' lang='lat' dir='ltr'><strong>Ov.</strong></span> <span class='ocrx_word' id='word_1_273' title='bbox 1300 2140 1384 2175; x_wconf 90' lang='lat' dir='ltr'><strong>XIX</strong></span> <span class='ocrx_word' id='word_1_274' title='bbox 1411 2140 1571 2186; x_wconf 85' lang='lat' dir='ltr'><strong>deberet,</strong></span> 
     </span>
    </p>
   </div>
   <div class='ocr_carea' id='block_1_3' title="bbox 226 2226 482 2232">
    <p class='ocr_par' dir='ltr' id='par_1_6' title="bbox 226 2226 482 2232">
     <span class='ocr_line' id='line_1_33' title="bbox 226 2226 482 2232; baseline 0 0"><span class='ocrx_word' id='word_1_275' title='bbox 226 2226 482 2232; x_wconf 95' lang='lat' dir='ltr'><strong> </strong></span> 
     </span>
    </p>
   </div>
   <div class='ocr_carea' id='block_1_4' title="bbox 310 2253 1570 2347">
    <p class='ocr_par' dir='ltr' id='par_1_7' title="bbox 310 2253 1570 2347">
     <span class='ocr_line' id='line_1_34' title="bbox 312 2253 1549 2295; baseline -0.002 -10"><span class='ocrx_word' id='word_1_276' title='bbox 312 2256 343 2295; x_wconf 92' lang='lat'><strong>1)</strong></span> <span class='ocrx_word' id='word_1_277' title='bbox 369 2254 406 2286; x_wconf 90' lang='lat'><strong>0.</strong></span> <span class='ocrx_word' id='word_1_278' title='bbox 422 2253 516 2286; x_wconf 73' lang='lat' dir='ltr'><strong>Jalm</strong></span> <span class='ocrx_word' id='word_1_279' title='bbox 537 2253 573 2285; x_wconf 90' lang='lat' dir='ltr'><strong>in</strong></span> <span class='ocrx_word' id='word_1_280' title='bbox 595 2253 750 2286; x_wconf 69' lang='lat' dir='ltr'><strong>Zeitschoe.</strong></span> <span class='ocrx_word' id='word_1_281' title='bbox 767 2254 792 2293; x_wconf 81' lang='lat' dir='ltr'><strong>f.</strong></span> <span class='ocrx_word' id='word_1_282' title='bbox 811 2253 954 2285; x_wconf 82' lang='lat' dir='ltr'><strong>Alt.-W.</strong></span> <span class='ocrx_word' id='word_1_283' title='bbox 977 2263 1006 2285; x_wconf 87' lang='lat' dir='ltr'><strong>a.</strong></span> <span class='ocrx_word' id='word_1_284' title='bbox 1032 2255 1112 2284; x_wconf 79' lang='lat'>1837</span> <span class='ocrx_word' id='word_1_285' title='bbox 1134 2262 1167 2293; x_wconf 91' lang='lat' dir='ltr'><strong>p.</strong></span> <span class='ocrx_word' id='word_1_286' title='bbox 1185 2255 1236 2285; x_wconf 83' lang='lat'><strong>63.</strong></span> <span class='ocrx_word' id='word_1_287' title='bbox 1545 2279 1549 2282; x_wconf 89' lang='lat'>.</span> 
     </span>
     <span class='ocr_line' id='line_1_35' title="bbox 310 2304 1570 2347; baseline -0.001 -8"><span class='ocrx_word' id='word_1_288' title='bbox 310 2309 343 2347; x_wconf 82' lang='lat'><strong>2)</strong></span> <span class='ocrx_word' id='word_1_289' title='bbox 366 2306 452 2339; x_wconf 89' lang='lat' dir='ltr'><strong>Sunt</strong></span> <span class='ocrx_word' id='word_1_290' title='bbox 473 2305 525 2338; x_wconf 89' lang='lat' dir='ltr'><strong>illi</strong></span> <span class='ocrx_word' id='word_1_291' title='bbox 545 2316 662 2339; x_wconf 81' lang='lat' dir='ltr'><strong>versus</strong></span> <span class='ocrx_word' id='word_1_292' title='bbox 684 2305 720 2338; x_wconf 91' lang='lat' dir='ltr'><strong>in</strong></span> <span class='ocrx_word' id='word_1_293' title='bbox 742 2305 857 2338; x_wconf 90' lang='lat' dir='ltr'><strong>codice</strong></span> <span class='ocrx_word' id='word_1_294' title='bbox 874 2304 1024 2338; x_wconf 81' lang='lat' dir='ltr'><strong>Gissensi</strong></span> <span class='ocrx_word' id='word_1_295' title='bbox 1046 2305 1148 2345; x_wconf 87' lang='lat' dir='ltr'><strong>atque</strong></span> <span class='ocrx_word' id='word_1_296' title='bbox 1163 2304 1386 2337; x_wconf 71' lang='lat' dir='ltr'><strong>inveniuntur</strong></span> <span class='ocrx_word' id='word_1_297' title='bbox 1402 2305 1437 2336; x_wconf 90' lang='lat' dir='ltr'><strong>in</strong></span> <span class='ocrx_word' id='word_1_298' title='bbox 1454 2315 1570 2338; x_wconf 88' lang='lat' dir='ltr'><strong>recen-</strong></span> 
     </span>
    </p>
   </div>
   <div class='ocr_carea' id='block_1_5' title="bbox 171 2357 1568 2401">
    <p class='ocr_par' dir='ltr' id='par_1_8' title="bbox 171 2357 1568 2401">
     <span class='ocr_line' id='line_1_36' title="bbox 171 2357 1568 2401; baseline 0 -8"><span class='ocrx_word' id='word_1_299' title='bbox 171 2373 173 2375; x_wconf 50' lang='lat'>*</span> <span class='ocrx_word' id='word_1_300' title='bbox 223 2360 364 2393; x_wconf 81' lang='lat' dir='ltr'><strong>tissimis</strong></span> <span class='ocrx_word' id='word_1_301' title='bbox 393 2370 525 2401; x_wconf 88' lang='lat' dir='ltr'><strong>quoque</strong></span> <span class='ocrx_word' id='word_1_302' title='bbox 555 2359 771 2400; x_wconf 84' lang='lat' dir='ltr'><strong>quibusdam,</strong></span> <span class='ocrx_word' id='word_1_303' title='bbox 800 2359 896 2392; x_wconf 86' lang='lat' dir='ltr'><strong>velut</strong></span> <span class='ocrx_word' id='word_1_304' title='bbox 917 2359 953 2391; x_wconf 91' lang='lat' dir='ltr'><strong>in</strong></span> <span class='ocrx_word' id='word_1_305' title='bbox 974 2358 1045 2391; x_wconf 89' lang='lat' dir='ltr'><strong>cod.</strong></span> <span class='ocrx_word' id='word_1_306' title='bbox 1069 2359 1220 2391; x_wconf 78' lang='lat' dir='ltr'><strong>Ambros.</strong></span> <span class='ocrx_word' id='word_1_307' title='bbox 1245 2357 1272 2390; x_wconf 94' lang='grc' dir='ltr'><strong>Ο</strong></span> <span class='ocrx_word' id='word_1_308' title='bbox 1298 2362 1359 2391; x_wconf 88' lang='grc'><strong>138</strong></span> <span class='ocrx_word' id='word_1_309' title='bbox 1383 2358 1462 2400; x_wconf 84' lang='lat' dir='ltr'><strong>Sup.</strong></span> <span class='ocrx_word' id='word_1_310' title='bbox 1481 2370 1568 2393; x_wconf 87' lang='lat' dir='ltr'><strong>saec.</strong></span> 
     </span>
    </p>
   </div>
   <div class='ocr_carea' id='block_1_6' title="bbox 222 2410 1569 2509">
    <p class='ocr_par' dir='ltr' id='par_1_9' title="bbox 222 2410 1569 2509">
     <span class='ocr_line' id='line_1_37' title="bbox 224 2410 1569 2455; baseline -0.001 -10"><span class='ocrx_word' id='word_1_311' title='bbox 224 2413 284 2445; x_wconf 89' lang='lat' dir='ltr'><strong>XV</strong></span> <span class='ocrx_word' id='word_1_312' title='bbox 312 2412 438 2455; x_wconf 40' lang='lat' dir='ltr'><strong>paullo*</strong></span> <span class='ocrx_word' id='word_1_313' title='bbox 456 2412 579 2444; x_wconf 84' lang='lat' dir='ltr'><strong>mutati</strong></span> <span class='ocrx_word' id='word_1_314' title='bbox 605 2421 627 2444; x_wconf 86' lang='lat' dir='ltr'><strong>a</strong></span> <span class='ocrx_word' id='word_1_315' title='bbox 653 2410 839 2444; x_wconf 88' lang='lat' dir='ltr'><strong>recentiore</strong></span> <span class='ocrx_word' id='word_1_316' title='bbox 867 2422 970 2444; x_wconf 82' lang='lat' dir='ltr'><strong>manu</strong></span> <span class='ocrx_word' id='word_1_317' title='bbox 997 2412 1035 2443; x_wconf 89' lang='lat' dir='ltr'><strong>ut</strong></span> <span class='ocrx_word' id='word_1_318' title='bbox 1063 2421 1081 2443; x_wconf 87' lang='lat' dir='ltr'><strong>e</strong></span> <span class='ocrx_word' id='word_1_319' title='bbox 1104 2410 1219 2443; x_wconf 87' lang='lat' dir='ltr'><strong>codice</strong></span> <span class='ocrx_word' id='word_1_320' title='bbox 1242 2410 1357 2452; x_wconf 87' lang='lat' dir='ltr'><strong>aliquo</strong></span> <span class='ocrx_word' id='word_1_321' title='bbox 1380 2411 1569 2453; x_wconf 86' lang='lat' dir='ltr'><strong>antiquiore</strong></span> 
     </span>
     <span class='ocr_line' id='line_1_38' title="bbox 222 2465 589 2509; baseline -0.003 -10"><span class='ocrx_word' id='word_1_322' title='bbox 222 2465 350 2509; x_wconf 87' lang='lat' dir='ltr'><strong>sumpti</strong></span> <span class='ocrx_word' id='word_1_323' title='bbox 371 2465 480 2500; x_wconf 86' lang='lat' dir='ltr'><strong>additi</strong></span> <span class='ocrx_word' id='word_1_324' title='bbox 501 2466 589 2499; x_wconf 81' lang='lat' dir='ltr'><strong>sunt.</strong></span> 
     </span>
    </p>
   </div>
  </div>
 </body>
</html>
