1745 2813
31 548 51 566 l'1

53 556 99 597 ‘ff‘

789 130 1082 207 42&⁴

227 258 334 306 illud,
375 260 471 307 quod
494 261 674 298 'heroicae
709 262 841 298 aetatis
874 263 1040 299 feminas-
1063 264 1109 299 ab
1143 264 1274 300 amatis
1308 264 1591 312 coniugibusque

229 325 392 360 desertas
421 326 618 362 scribentes
646 326 794 363 inducit.

338 390 538 426 Praeterea
558 402 631 426 non
653 392 711 426 est
734 390 954 426 omittendus
976 390 1153 427 Prisciani
1177 392 1276 428 locus
1300 388 1592 443 (Institutionum

232 456 426 498 grammat.
444 455 467 489 1.
486 455 518 488 Χ
536 465 564 490 c.
584 456 605 490 9
626 466 661 499 p.
675 456 752 489 544
771 450 844 502 K),
866 454 930 489 ubi
947 454 1081 490 citatur
1098 452 1260 492 ‘Ovidius
1276 457 1315 491 in
1329 452 1589 505 heroidibusss).

228 512 444 562 ‘Epistulae'
484 517 597 564 igitur
635 519 715 554 tum
748 529 821 553 non
852 517 923 554 fuit
956 518 1099 565 integer
1130 518 1277 566 titulus;
1314 530 1430 565 neque
1467 521 1591 555 tamen

228 578 410 618 ‘heroides'
439 583 631 628 inscriptas
659 582 772 618 fuisse
795 582 930 628 elegias
959 585 1000 618 ut
1027 585 1143 629 putet,
1171 584 1277 633 facile
1304 584 1493 630 quisquam
1516 584 1591 620 ani-

226 657 326 680 mum
359 645 514 682 inducet.
570 646 794 682 Priscianum
828 658 931 692 vero,
966 658 1048 682 cum
1081 649 1247 683 accurate
1275 648 1471 684 lectoribus
1498 647 1588 683 indi-

200 736 204 743 .
226 710 379 745 candum
413 713 511 746 esset
545 722 634 756 opus
664 710 895 756 Ovidianum,
929 723 1035 747 usum
1068 723 1145 748 esse
1177 712 1284 747 titulo
1303 721 1385 748 ‘non
1412 723 1434 747 a
1461 724 1500 748 se
1527 723 1588 748 no-

226 775 311 809 vato
341 774 404 809 sed
432 775 648 820 pervulgato
677 774 771 810 ratio
800 774 879 819 ipsa
907 775 1037 810 suadet
1059 777 1100 811 ut
1122 775 1318 810 credamus.
1370 775 1498 821 Itaque
1526 776 1588 810 ille

225 848 383 884 quoque,
419 838 515 884 quod
548 838 692 884 quidem
725 820 789 873 inf
797 838 916 884 operis
950 839 1103 874 alicuius
1137 839 1476 875 commemoratione
1510 839 1589 875 fieri

226 903 329 946 solet,
357 902 628 947 inscriptionem
656 902 882 938 decurtatam
910 902 1090 938 communi
1118 903 1194 938 fere
1222 914 1290 938 usu
1318 905 1502 949 receptam
1525 903 1586 938 ad-

226 965 355 1002 hibuit.
411 964 547 1007 Quodsi
574 965 761 1010 utriusque
790 967 828 1001 et
849 966 1005 1001 Nasonis
1035 968 1072 1001 et
1099 962 1198 1001 illius
1226 966 1475 1012 coniungimus
1503 977 1585 1002 auc-

226 1029 425 1074 toritatem,
452 1029 645 1074 genuinam
673 1029 944 1074 inscriptionem
966 1029 1078 1064 fuisse
1101 1031 1166 1064 aut
1190 1025 1372 1073 ‘epistulae
1392 1026 1586 1065 heroidum'

226 1093 291 1127 aut
319 1088 501 1136 ‘epistulae
527 1088 696 1128 heroides’
726 1092 943 1128 credendum
972 1094 1039 1138 est,
1068 1092 1143 1128 sive
1172 1103 1253 1127 eam
1279 1094 1388 1137 poeta
1410 1093 1486 1137 ipse
1511 1093 1586 1128 sive

225 1156 423 1191 carminum
453 1156 611 1193 editores
638 1167 711 1192 non
739 1156 855 1192 multo
883 1158 967 1202 post
994 1155 1098 1191 illum
1127 1159 1416 1202 composuerunt.
1465 1157 1585 1203 Atque

225 1220 401 1256 Prisciani
429 1220 573 1266 quidem
601 1220 850 1256 testimonium
879 1221 912 1256 ei
939 1221 1047 1266 paulo
1075 1221 1191 1267 magis
1219 1221 1321 1256 favet
1348 1221 1516 1266 opinioni,
1544 1224 1586 1256 ut

225 1280 416 1329 ‘epistulae
444 1281 625 1321 heroides’
653 1284 924 1330 inscriptionem
951 1284 1146 1330 genuinam
1173 1284 1284 1320 fuisse
1313 1286 1527 1321 statuamus.

333 1349 461 1394 Neque
503 1349 619 1394 magis
659 1360 681 1383 a
714 1348 895 1384 codicibus
928 1349 1143 1385 adiuvamur
1178 1348 1423 1394 diiudicaturi,
1462 1351 1585 1384 utrum

224 1424 295 1447 uno
318 1412 411 1448 libro
435 1424 482 1447 an
504 1412 749 1458 compluribus
773 1412 859 1447 olim
882 1412 1092 1448 coniunctae
1111 1412 1249 1448 fuerint
1266 1412 1453 1458 epistulae.
1482 1400 1584 1447 'Cum

150 1519 153 1522 ἱ
224 1477 319 1511 enim
347 1477 507 1512 melioris
532 1479 639 1513 notae
662 1477 800 1512 codices
823 1477 859 1511 in
882 1477 1084 1522 complures
1107 1477 1219 1512 libros
1243 1487 1304 1511 eos
1326 1476 1486 1512 dividere
1508 1488 1581 1511 non

224 1540 430 1587 videantur,
464 1541 662 1577 deteriores
697 1536 881 1589 quidam2)
915 1541 974 1576 vel
1007 1541 1097 1577 duos
1130 1541 1190 1577 vel
1221 1542 1295 1576 tres
1322 1540 1382 1576 vel
1410 1542 1582 1586 quattuor

223 1606 282 1640 vel
310 1605 466 1650 quinque
494 1605 722 1651 distinguunt
750 1606 873 1641 libros.
928 1606 1048 1650 Atque
1076 1605 1195 1640 Birtio
1224 1605 1267 1639 de
1296 1604 1364 1640 hac
1391 1617 1430 1640 re
1459 1605 1580 1650 dispu-

223 1664 356 1717 tanti3)
390 1669 654 1705 concedendum
691 1671 747 1704 est
779 1669 817 1703 in
854 1669 1056 1714 complures
1091 1670 1214 1714 partes
1249 1668 1335 1703 olim
1369 1668 1582 1704 distributas

222 1733 333 1769 fuisse
364 1733 537 1779 epistulas
561 1745 581 1768 e
604 1733 693 1768 satis
720 1732 968 1778 probabilibus
992 1732 1114 1778 colligi
1136 1731 1369 1777 argumentis.
1418 1733 1471 1767 At
1497 1732 1582 1767 illae

222 1798 463 1833 recentiorum
496 1798 672 1834 librorum
705 1797 937 1843 partitiones,
972 1797 1039 1833 etsi
1071 1797 1226 1832 fortasse
1254 1796 1292 1830 in
1319 1796 1581 1841 antiquioribus

222 1862 415 1897 cuiuslibet
437 1862 622 1898 divisionis
651 1862 816 1907 vestigiis
845 1861 986 1907 positae
1015 1864 1110 1906 sunt,
1138 1863 1235 1896 recte
1263 1860 1580 1906 grammaticorum

222 1926 351 1962 studiis
381 1928 418 1962 et
446 1926 597 1962 arbitrio
622 1926 883 1962 attribuuntur.
935 1925 1045 1961 Cuius
1068 1925 1121 1961 rei
1143 1925 1242 1961 aliud
1265 1925 1467 1971 exemplum
1490 1925 1579 1960 satis

221 1990 456 2026 memorabile
484 1990 635 2027 comiter
667 2002 808 2026 mecum
842 1990 1119 2027 communicavit
1146 1989 1339 2037 Diltheyus
1367 1991 1581 2036 praeceptor

220 2055 419 2099 plurimum
446 2054 633 2100 colendus,
661 2055 757 2099 quod
787 2054 1024 2090 Studemundi
1053 2054 1206 2089 debetur
1233 2054 1401 2089 enotatis.
1451 2054 1495 2089 In
1522 2065 1578 2089 co-

205 2118 307 2154 ‹dicis
337 2118 443 2153 enim
476 2117 713 2155 Laurentiani
753 2114 923 2167 (XXXVI
953 2112 1021 2165 27)
1058 2117 1289 2163 glossematis
1325 2136 1374 2142 ——
1409 2117 1510 2152 velut
1542 2117 1580 2152 in

220 2194 274 2228 ep.
297 2182 383 2217 XIX
413 2184 450 2217 et
478 2182 544 2216 XX
569 2182 792 2227 argumentis
817 2201 866 2206 —
892 2181 1066 2227 scriptum
1097 2184 1167 2217 est:
1197 2177 1310 2216 ‘Haec
1337 2180 1485 2216 missiva
1507 2181 1580 2226 epi-

220 2247 332 2293 stula,
368 2256 476 2291 quam
511 2245 627 2281 mittit
654 2245 828 2281 Acontius
857 2244 1058 2292 Cydippae,
1091 2247 1148 2281 est
1186 2245 1303 2290 prima
1336 2255 1421 2290 pars
1434 2244 1579 2280 ‘tertiae

310 2361 341 2401 1)
368 2360 466 2400 Quod
484 2358 521 2391 in
538 2358 734 2401 Manogaldi
746 2359 1066 2401 Metamorphoseon
1083 2357 1367 2400 explicationibus
1385 2357 1440 2399 (cf.
1453 2357 1578 2400 Haupt.

220 2424 334 2455 opusc.
362 2414 420 2446 ΠΙ.
444 2424 476 2455 p.
496 2413 573 2454 588)
603 2413 736 2455 saepius
766 2413 808 2445 de
840 2413 1045 2445 ‘heroidum’
1075 2411 1163 2444 libro
1192 2411 1332 2452 dicitur,
1367 2421 1434 2443 non
1464 2421 1577 2453 urgeo.

307 2469 340 2508 2)
365 2467 414 2499 Cf.
433 2467 632 2509 Sedlmayer,
650 2468 779 2508 proleg.
799 2467 872 2499 crit.
891 2465 934 2499 ad
951 2463 1080 2498 heroid.
1101 2464 1197 2497 Ovid.
1233 2465 1332 2497 Wien
1353 2469 1435 2497 1878
1454 2476 1486 2506 p.
1506 2469 1576 2497 104.

307 2523 339 2561 3)
363 2520 447 2552 Mus.
466 2520 570 2552 Rhen.
590 2531 621 2553 n.
641 2531 665 2552 s.
685 2520 809 2552 ΧΧΧΙΙ
827 2531 859 2561 p.
879 2524 951 2553 394.
