1745 2813
225 233 342 270 tilitas
369 235 407 270 et
433 232 570 281 ingenii
596 233 780 280 elegantia
804 233 935 270 fuisset
961 234 1031 270 viri
1058 234 1152 280 Itali,
1180 234 1289 270 immo
1312 233 1368 270 vis
1392 231 1577 269 divinandi

225 299 332 345 plane
366 298 475 345 digna
509 299 594 334 vate
628 297 749 344 aliquo
779 298 839 334 vel
865 298 1017 344 augure!
1068 298 1155 341 Quis
1184 299 1279 334 enim
1306 299 1345 334 in
1371 298 1469 334 illius
1497 297 1579 333 aevi

226 362 370 398 homine
402 361 568 408 quamvis
602 360 707 397 docto
739 363 816 397 tam
847 363 1050 398 accuratam
1077 364 1114 398 et
1140 362 1337 407 perfectam
1363 362 1475 398 fuisse
1504 362 1576 397 exi-

228 426 354 463 stimet
379 425 549 472 peritiam
576 425 727 462 rationis
748 425 858 472 illius,
886 437 993 472 quam
1015 426 1054 461 in
1076 426 1320 461 Alexandrina
1342 426 1443 472 poesi
1464 425 1575 461 fuisse

226 477 355 527 nostro
378 490 526 526 tandem
554 491 696 526 saeculo
725 491 845 526 studia
871 490 1082 526 continuata.
1109 490 1334 526 docuerunt?

203 597 205 600 Α
333 554 493 600 Accedit,
521 555 616 601 quod
642 555 702 591 vel
729 556 814 590 ante
835 555 989 590 Neronis
1016 556 1174 590 aetatem
1201 555 1289 590 haec
1315 554 1395 599 ipsa
1422 554 1577 599 epistula

226 619 298 654 XX‘
319 619 502 657 nonnullis
528 619 645 664 poetis
673 619 720 654 ad
742 618 957 655 imitandum
977 619 1163 664 proposita
1188 618 1299 653 fuisse
1321 617 1474 654 videtur.
1519 618 1577 653 Ita

226 679 349 718 ‘Nucis
383 680 534 729 elegiae'
563 683 717 729 scriptor
749 683 908 730 itemque
951 682 1080 718 deinde
1119 681 1355 717 Maximianus
1396 693 1476 716 eam
1513 672 1576 716 no-

166 794 170 797 »
227 747 368 782 verunt.
377 742 408 795 ¹)

332 810 384 846 Ut
406 810 487 846 aliis
510 822 651 857 quoque
673 810 761 847 locis
779 811 913 847 Seneca.
930 810 1099 848 Ovidium
1117 810 1302 856 expressit,
1330 809 1431 846 velut
1449 809 1576 845 Troad.

169 909 175 914 ,
227 875 277 910 48
301 886 353 920 sq.
376 877 413 910 et
435 874 499 911 Ov.
517 876 602 912 Met.
624 875 725 920 XIII,
749 877 838 920 408,
867 874 953 912 Oed.
973 876 1047 912 709
1073 877 1111 910 et
1134 874 1198 910 Ov.
1216 874 1301 910 Met.
1319 874 1384 919 ΠΙ,
1404 876 1426 909 6
1446 885 1496 920 sq.
1526 870 1578 909 ‘et
1626 868 1630 872 ”

225 938 263 973 111
285 938 442 985 epistula.
464 940 611 976 Medeae
635 939 737 976 Ovid.
760 941 876 976 multa
897 942 992 985 sunt,
1016 951 1169 986 quorum
1191 939 1287 985 apud
1308 939 1479 974 Senecam
1501 939 1576 973 tam

202 1002 358 1037 similia
389 1004 632 1048 reperiuntur,
671 1006 713 1038 ut
743 1004 900 1039 imitatio
933 1006 1060 1049 aperta
1093 1000 1166 1048 sit',
1198 1003 1331 1049 aliique
1363 1003 1448 1047 loci,
1488 1013 1578 1048 quos

224 1065 360 1110 passim
393 1066 543 1102 adnotat
570 1066 794 1102 Friedericus
822 1067 896 1103 Leo
930 1063 1104 1115 (Senecae
1138 1065 1363 1112 tragoediae,
1396 1065 1466 1101 vol.
1490 1064 1517 1110 I,
1540 1077 1576 1110 p.

229 1131 303 1166 116
322 1140 374 1176 sq.
406 1131 491 1175 157,
513 1132 587 1167 166
607 1142 668 1177 sq„
691 1127 800 1179 168),
828 1131 881 1167 ita
902 1124 1013 1166 Here.
1029 1131 1098 1166 fur.
1119 1132 1183 1166 29:

911 1196 948 1230 et
976 1205 1104 1231 saevus
1132 1194 1234 1229 dolor

551 1259 698 1294 aeterna
724 1258 822 1294 bella
847 1269 934 1304 pace
963 1259 1107 1295 sublata
1133 1260 1239 1305 geret

228 1333 372 1368 fluxisse
400 1333 543 1369 videtur
570 1345 613 1368 ex
639 1333 715 1378 XX,
734 1335 801 1368 54:

694 1408 758 1433 vos
785 1408 873 1442 pace
900 1397 1054 1433 movetis

552 1472 681 1506 aspera
709 1463 888 1496 summota
914 1462 1062 1506 proelia.

333 1524 480 1571 Augent
519 1526 556 1562 et
593 1525 700 1570 plane
737 1511 949 1561 c't'ssmfirmant
982 1524 1089 1560 fidem
1117 1525 1199 1561 alia.
1250 1524 1339 1560 Cum
1367 1524 1405 1559 in
1432 1523 1576 1558 illorum

227 1591 417 1634 poetarum
450 1589 628 1624 minorum
662 1588 845 1635 operibus,
880 1601 971 1635 quae
1004 1590 1042 1624 in
1070 1589 1282 1635 anthologia
1306 1590 1456 1625 collecta
1483 1590 1578 1632 sunt,

227 1653 325 1688 haud
356 1653 462 1698 pauci
493 1653 723 1689 inveniantur
755 1654 839 1699 loci,
880 1654 942 1700 qui
975 1653 1141 1690 Ovidiani
1174 1653 1325 1689 alicuius
1359 1665 1483 1689 versus
1517 1652 1575 1688 de-

226 1717 358 1752 bentur
385 1717 580 1753 imitationi
595 1736 648 1741 —
664 1718 765 1752 velut
793 1729 812 1752 e
841 1717 1027 1763 Priapeiis,
1056 1729 1147 1763 quae
1176 1719 1349 1753 vocantur
1376 1717 1577 1762 complures

230 1792 358 1816 versus
381 1781 515 1817 similes
538 1783 623 1818 sunt
645 1781 839 1826 Ovidianis,
868 1777 975 1829 (quos
998 1782 1142 1828 quidem
1163 1781 1253 1817 citat
1273 1781 1517 1817 Buechelerus
1544 1781 1581 1816 in

227 1845 318 1881 Mus.
335 1845 447 1880 Rhen.
466 1845 589 1880 XVIII
605 1858 639 1891 p.
658 1847 733 1881 381
749 1841 828 1894 sq),
856 1846 1014 1893 itemque
1037 1858 1082 1881 ex
1104 1846 1315 1892 anthologia
1337 1845 1460 1890 latina,
1488 1856 1576 1890 quos

225 1909 454 1944 Burmannus
489 1908 672 1945 Secundus
711 1910 749 1944 in
787 1908 944 1946 editione
980 1910 1210 1956 anthologiae
1249 1910 1383 1945 latinae
1416 1910 1576 1954 adnotat,

227 1967 347 2021 (velut
374 1973 392 2008 I
413 1985 446 2018 p.
468 1971 545 2009 134
569 1985 619 2021 sq.
649 1976 687 2009 et
714 1986 768 2020 ep.
791 1975 866 2010 her.
884 1974 972 2020 V113
995 1994 1046 1999 —-
1069 1987 1105 2020 p.
1126 1976 1200 2010 179
1219 1976 1266 2010 et.
1284 1974 1359 2010 her.
1376 1973 1437 2019 XI,
1457 1975 1495 2019 73
1527 1992 1570 1997 —

225 2049 259 2082 p.
278 2038 354 2073 269
375 2032 421 2084 (v.
445 2035 512 2085 77)
535 2039 573 2073 et
594 2037 680 2073 Met.
697 2037 775 2083 XV,
795 2040 887 2084 2303
915 2057 968 2062 —
989 2051 1022 2084 p.
1041 2039 1117 2075 505
1142 2041 1181 2074 et
1202 2050 1271 2074 am.
1287 2038 1335 2084 H,
1356 2039 1415 2082 18,
1435 2039 1500 2083 293
1524 2056 1573 2062 —

226 2113 260 2146 p.
279 2101 354 2136 531
380 2103 418 2136 et
445 2112 499 2146 ep.
517 2101 591 2137 her.
608 2101 671 2146 VI,
690 2103 756 2148 283
779 2121 830 2126 —
853 2103 890 2137 II
907 2115 940 2147 p.
962 2105 1009 2138 16
1029 2105 1065 2138 et
1088 2115 1143 2148 ep.
1159 2103 1233 2138 her.
1251 2102 1317 2147 III,
1336 2104 1376 2147 2;
1400 2120 1445 2126 -
1470 2114 1504 2146 p.
1526 2104 1573 2137 17

226 2166 265 2200 et
287 2175 355 2200 am.
373 2164 501 2218 II‚·10,
520 2166 588 2210 33;
609 2183 653 2189 —
674 2178 707 2211 p.
727 2167 774 2202 51
801 2168 839 2201 et
859 2178 929 2201 am.
946 2166 992 2211 II,
1014 2168 1073 2211 14,
1093 2168 1142 2203 23
1162 2178 1228 2212 sq.;
1246 2185 1295 2191 —
1318 2178 1352 2211 p.
1372 2167 1448 2201 200
1466 2167 1503 2201 et
1519 2177 1574 2210 ep.

226 2228 302 2265 her.
324 2228 386 2274 IV,
406 2231 445 2275 7;
467 2248 510 2253 -—
531 2241 565 2274 p.
584 2231 660 2265 243
685 2232 723 2265 et
745 2242 799 2276 ep.
822 2230 902 2276 XII,
922 2232 962 2276 63
980 2250 1030 2255 —-
1055 2243 1088 2275 p.
1113 2232 1189 2266 412
1214 2233 1251 2266 et
1274 2243 1327 2276 ep.
1350 2230 1412 2275 IV,
1433 2231 1508 2266 104
1539 2232 1576 2265 et

226 2293 317 2329 alios
345 2293 442 2329 locos
470 2289 688 2342 permultos)
718 2313 767 2318 —
797 2294 850 2330 ita
877 2294 986 2330 etiam
1015 2294 1208 2340 epistulam
1236 2294 1419 2341 Cydippae
1447 2306 1575 2341 cogno-

165 2372 218 2402 ’9

313 2428 345 2468 1)
370 2426 417 2459 cf.
442 2427 483 2460 de
506 2427 570 2460 hac
592 2427 780 2460 imitatione
804 2427 1007 2470 Sedlmayer.
1030 2428 1115 2470 prol.
1139 2427 1212 2460 crit.
1238 2438 1271 2470 p.
1296 2431 1337 2461 36
1356 2429 1396 2461 'et
1418 2438 1504 2470 quae
1527 2429 1576 2462 ibi

208 2497 210 2499 ·
226 2480 374 2513 citantur
395 2481 530 2523 scripta.
