1745 2813
765 106 1025 145 ,53-

222 217 359 254 tentiae
391 220 493 253 nunc
519 214 714 251 acerrimus
746 205 995 262 propugnator
1027 216 1169 252 Riesius
1177 211 1208 265 ¹)
1250 215 1379 252 extitit.
1441 215 1570 261 Itaque

222 283 359 318 factum
386 283 452 326 est,
479 282 522 327 ut
548 273 694 326 pau012)
723 290 784 315 eos
812 279 1006 317 defendant
1031 293 1119 326 prae
1152 293 1276 317 eorum
1308 292 1475 325 numero,
1508 281 1570 325 qui

223 356 283 381 eos
312 345 494 391 spernant.
537 343 653 377 Nemo
681 343 813 388 autem,
842 342 873 378 si
900 343 1041 388 quidem
1069 344 1160 381 nihil
1187 345 1294 380 affert
1320 343 1567 389 praeiudicati,

221 420 347 446 versus
374 409 457 444 illos
486 406 629 443 omnino
656 406 896 452 repudiandos
924 418 1002 443 esse
1029 409 1188 444 animum
1209 409 1363 444 inducet.

328 472 449 517 Atque
481 469 674 517 aggredior
706 470 752 505 ad
778 482 812 505 v.
840 470 917 514 XX,
949 472 1140 507 12—248.
1172 472 1302 507 'Subit
1336 471 1460 506 mirari
1494 482 1567 515 cur,

220 549 302 573 cum
318 535 513 580 Diltheyus
530 534 568 570 in
590 534 684 569 libro
709 533 752 569 de
771 533 983 569 Callimachi
1002 533 1165 580 Cydippa
1187 535 1330 571 subtilis
1354 535 1567 572 eruditionis

222 600 432 645 plenissimo
460 599 626 645 egregius
655 599 817 634 extiterit
844 610 1012 634 versuum
1040 599 1187 634 illorum
1213 600 1394 644 defensor,
1425 600 1566 635 Riesius

218 675 265 699 ne
294 663 339 698 ad
367 674 447 698 eam
474 662 619 708 quidem
646 661 795 698 redierit
821 672 914 706 rem,
948 663 990 697 ut
1017 661 1114 696 illius
1143 662 1359 697 sententiam
1386 663 1566 698 infirmare

221 727 393 763 studeret.
448 727 500 762 At
532 738 614 761 cum
640 726 835 771 Diltheyus
868 725 1069 761 rationibus
1104 725 1319 761 sententiam
1353 737 1455 762 suam
1487 738 1566 762 con—

145 780 149 790 *
220 791 409 837 firmasset,
427 802 470 826 ea
481 790 591 837 digna
606 790 767 836 profecto
784 792 873 835 erat,
891 801 983 836 quae
1000 789 1224 836 argumentis
1241 790 1478 836 refelleretur,
1495 802 1567 826 non

221 855 363 891 silentio
393 855 637 901 obtegeretur,
665 856 707 890 ut
733 865 846 900 paene
874 854 1075 899 putandum
1103 854 1152 889 sit
1178 853 1339 889 Riesium
1366 865 1411 890 ne
1439 867 1565 901 cogno-

219 919 313 955 visse
336 919 480 965 quidem
503 918 601 954 ilh’us
625 918 914 964 disputationem.
953 918 1028 953 Nec
1050 918 1169 953 minus
1197 918 1330 953 mirum
1358 919 1396 953 in
1422 918 1568 954 modum

220 994 296 1018 rem
329 983 443 1029 gessit
477 982 740 1028 Sedlmayerus.
801 982 872 1024 Qui
904 993 986 1018 cum
1023 993 1096 1017 non
1134 982 1251 1017 solum
1290 983 1433 1018 noverit
1470 983 1568 1019 illius

220 1039 446 1091 sententiam,
475 1046 538 1082 sed
559 1058 650 1091 eam,
678 1046 762 1091 quia
783 1045 1029 1091 persuaserint
1057 1045 1126 1081 sibi
1152 1048 1377 1091 argumenta,
1405 1047 1569 1091 probarit

221 1113 259 1147 et
291 1111 450 1149 laudarit
482 1106 537 1158 (in
570 1110 661 1155 prol.
694 1110 772 1145 crit.
806 1111 829 1145 l.
864 1106 929 1157 c.),
968 1105 1201 1158 improvisoS)
1243 1110 1423 1145 sententia
1461 1111 1567 1156 plane

218 1177 360 1210 mutata
380 1174 492 1209 Riesii
520 1174 630 1209 cessit
657 1174 876 1219 auctoritati,
905 1174 966 1219 qui
988 1174 1128 1209 interea
1149 1177 1420 1210 asseveraverat
1441 1186 1567 1210 versus

218 1240 301 1274 illos
329 1238 512 1274 habendos
540 1249 619 1274 esse
646 1249 712 1283 pro
741 1250 767 1273 s.
790 1238 857 1273 XV
886 1238 1173 1284 interpolatione.
1228 1238 1354 1284 Neque
1381 1250 1467 1274 vero
1489 1238 1565 1274 Dil-

217 1302 319 1348 theyi
352 1304 566 1348 argumenta
599 1302 731 1338 nedum
765 1313 856 1347 quae
889 1303 965 1348 ipsc
1006 1305 1221 1348 exposuerat
1258 1305 1447 1338 attenuare
1487 1315 1564 1339 sus-

217 1367 320 1412 cipit,
348 1378 392 1403 ne
421 1367 507 1402 dicit
534 1367 694 1412 quidem,
727 1378 792 1402 cur
817 1367 882 1402 illa
910 1367 1028 1402 subito
1057 1369 1098 1402 ut
1127 1367 1259 1402 debilia
1286 1369 1397 1413 atque
1424 1367 1566 1403 infirma

217 1431 409 1477 relinquat,
432 1431 556 1467 eadem
578 1430 745 1466 videlicet
767 1433 990 1477 argumenta,
1019 1442 1110 1476 quae
1133 1431 1235 1466 brevi
1257 1433 1341 1466 ante
1363 1433 1406 1467 ut
1428 1431 1566 1468 sincera

216 1497 254 1531 et
280 1495 407 1541 gravia
433 1495 540 1540 plane
560 1505 632 1530 ‚suo
660 1504 808 1530 assensu
835 1494 1063 1539 probaverat.
1108 1494 1264 1530 Tantum
1292 1497 1439 1540 repente
1468 1495 1564 1541 apud

217 1570 301 1594 eum
322 1559 386 1594 illa
402 1559 501 1595 valet
522 1570 589 1603 res,
612 1558 707 1603 quod
726 1569 851 1594 versus
872 1558 927 1594 illi
948 1558 1108 1593 codicum
1131 1559 1348 1595 auctoritate
1370 1570 1492 1594 carere
1513 1560 1565 1595 vi-

217 1622 380 1668 deantur,
408 1622 504 1668 quod
525 1622 614 1658 folia
639 1633 780 1668 quoque
802 1622 1038 1659 Laurentiani
1065 1618 1245 1671 (XXXVI,
1264 1619 1342 1671 27),
1371 1623 1409 1658 in
1435 1624 1565 1669 quibus

218 1688 343 1722 extant
380 1698 521 1730 versus,
561 1686 683 1721 addita
717 1686 789 1721 sint
823 1698 849 1722 S.
883 1686 981 1723 XVI.
1043 1687 1093 1721 At
1125 1689 1167 1721 ut
1199 1687 1301 1722 nulla
1332 1687 1460 1723 traditi
1493 1688 1566 1723 sint

218 1750 421 1796 antiquiore
449 1750 676 1795 auctoritate,
703 1761 790 1786 num
818 1762 861 1786 ea
888 1763 927 1787 re
957 1751 1064 1786 simul
1092 1751 1227 1786 relicua
1254 1750 1384 1788 indicia
1411 1752 1563 1797 interna,

218 1816 263 1850 ob
291 1826 382 1861 quae
410 1814 557 1861 genuini
585 1825 663 1850 esse
691 1814 921 1860 videbantur,
949 1815 1054 1851 irrita
1080 1816 1178 1851 facta
1206 1815 1334 1851 erant?

331 1879 523 1915 Sedtamen
543 1891 624 1915 cum
647 1880 849 1916 accuratius
872 1880 916 1915 de
939 1880 1103 1916 versibus
1130 1880 1204 1915 illis
1221 1880 1448 1926 quaesiturus
1471 1893 1561 1925 sum,

219 1943 389 1989 quoniam
416 1943 536 1978 omnia
563 1945 600 1978 et
628 1954 671 1978 ea
697 1944 913 1989 gravissima
939 1945 1012 1979 iam
1039 1945 1085 1979 ab
1113 1945 1194 1980 aliis
1216 1945 1328 1979 allata
1350 1946 1434 1980 sunt
1455 1956 1560 1990 argu-

305 2089 335 2129 1)
360 2088 400 2121 cf.
425 2088 579 2121 Bursiani
601 2088 713 2122 annal.
737 2089 762 2121 t.
785 2088 825 2129 X,
850 2090 959 2130 (1878)
981 2099 1013 2129 p.
1038 2092 1079 2121 20
1102 2099 1162 2130 sq.,
1185 2088 1251 2120 Lit.
1276 2087 1457 2121 centralbl.
1479 2092 1561 2122 1879

215 2152 248 2183 Ρ,
273 2145 346 2236 ⁷⁷23
356 2195 497 2227 Praeter
525 2194 733 2236 antiquiores
761 2196 908 2236 Lennep.
933 2194 1044 2227 Loers.
1073 2194 1107 2225 in
1136 2193 1227 2234 edit„
1249 2193 1391 2227 Werfer.
1414 2193 1450 2225 in
1474 2194 1561 2227 actis

215 2248 334 2291 philol.
363 2248 496 2282 Monac.
524 2247 551 2290 I,
579 2252 653 2289 509,
681 2248 718 2281 hi
746 2249 837 2282 sunt:
865 2247 1044 2289 Diltheyus
1072 2246 1114 2279 de
1137 2246 1220 2280 Call.
1244 2246 1323 2288 Cyd.
1347 2258 1380 2289 p.
1403 2250 1445 2279 42
1467 2259 1498 2280 n.
1526 2252 1560 2287 1;

218 2302 296 2336 Luc.
320 2302 442 2335 Mffller
465 2301 507 2335 de
530 2312 566 2334 re
595 2301 737 2336 metrica
762 2313 796 2344 p.
819 2302 856 2335 L.
878 2313 912 2343 p.
936 2305 977 2334 43
1000 2311 1066 2342 sq.;
1096 2294 1158 2333 Th.
1181 2300 1255 2333 Birt
1280 2300 1316 2333 in
1344 2300 1428 2334 Mus.
1442 2302 1559 2334 Rhen.

214 2367 247 2389 n.
271 2367 295 2389 s.
319 2355 454 2395 XXXII,
480 2358 557 2395 3893
581 2355 629 2388 St.
656 2354 853 2396 Sedlmayer
873 2355 909 2388 in
931 2354 1014 2397 prol.
1038 2354 1112 2387 crit.
1130 2353 1174 2388 ad
1190 2353 1318 2387 heroid.
1338 2354 1434 2388 Ovid.
1452 2367 1485 2397 p.
1503 2359 1561 2394 333

214 2410 245 2442 J.
257 2410 400 2451 Vahlen,
412 2410 496 2442 iiber
507 2408 561 2441 die
574 2408 729 2450 Anfange
742 2408 802 2441 der
812 2408 983 2442 Heroiden
994 2408 1026 2441 d.
1040 2407 1136 2441 Ovid.
1149 2407 1236 2442 Berl.
1251 2407 1354 2441 Acad.
1369 2411 1449 2441 1881
1464 2420 1495 2451 p.
1508 2412 1559 2445 35.

302 2464 334 2505 2)
357 2463 395 2495 In
417 2461 658 2495 commentario
681 2461 799 2496 critico
821 2461 993 2504 superiore
1016 2471 1105 2497 anno
1128 2460 1231 2497 edito.
