1745 2813
715 139 975 179 -36-.

167 250 264 287 Haec
293 250 382 287 satis
411 261 488 286 esse
516 253 617 298 puto,
645 253 688 287 ut
713 251 885 288 delendos
913 263 992 288 esse
1021 252 1110 288 duos
1139 251 1221 288 illos
1256 263 1400 299 versus,
1436 263 1526 299 quos

165 327 260 350 nunc
291 315 548 362 Sedlmayerus
577 327 718 362 quoque
753 316 999 352 circumscribi
1032 318 1113 353 vult
1145 315 1208 365 (cf.
1236 319 1425 352 comment.
1449 318 1527 353 crit.

165 379 212 415 ad
239 375 301 428 1.),
331 381 527 416 statuatur.

802 465 826 512 ξ
850 464 887 504 6.

273 541 385 576 Aliud
418 542 741 586 interpolationum
779 554 893 587 genus
933 543 1069 578 talibus
1108 542 1314 578 continetur
1350 541 1527 587 versibus,

165 604 227 649 qui
260 604 457 639 celebrium
492 605 566 640 sive
595 605 750 640 Nasonis
785 605 861 641 sive
895 605 988 639 alius
1021 607 1151 650 poetae
1180 606 1342 640 locorum
1369 607 1433 640 aut
1460 605 1524 640 tri-

163 670 285 703 tarum
314 669 578 705 sententiarum
607 681 626 705 e
655 670 904 706 recordatione
934 669 1113 716 originem
1140 669 1285 706 ducunt.

274 734 426 779 Saepius
458 734 616 769 formula
657 735 812 779 quadam
849 746 934 769 usus
968 736 1025 769 est
1058 733 1210 770 Ovidius
1243 734 1281 768 in
1315 734 1526 779 effingendis

166 796 471 833 obtestationibus
507 795 567 845 (cf.
598 798 645 843 II,
671 799 737 844 353
771 798 839 843 III,
866 800 957 843 1053
993 797 1096 844 VIII,
1124 800 1216 844 1173
1245 797 1327 843 XII,
1353 799 1418 842 773
1451 799 1522 833 191

164 861 209 896 al.
229 856 281 910 1.).
338 861 441 898 Hanc
470 864 612 898 secutus
635 862 774 897 addidit
801 862 932 908 aliquis
960 862 1044 909 VII,
1070 845 1158 898 157⁸

283 937 339 972 'Pu
366 937 473 973 modo
505 957 549 963 —-
580 950 645 983 per
672 939 826 973 matrem
853 937 1085 984 fraternaque
1113 938 1199 984 tela,
1227 932 1397 984 sagistas,

336 1001 477 1046 Perque
504 1002 613 1047 fugae
641 1002 806 1047 comites,
835 1001 1006 1037 Dardana
1034 1013 1151 1047 sacra,
1179 1001 1275 1037 deos.

165 1076 263 1110 Haec
297 1075 393 1110 enim
426 1076 457 1110 si
485 1076 705 1122 retinentur,
739 1076 821 1112 inde
856 1088 877 1111 a
905 1070 949 1112 vs
965 1078 1038 1112 157
1074 1087 1169 1112 nova
1206 1075 1331 1120 incipit
1358 1076 1525 1111 carminis

163 1151 258 1184 pars,
287 1140 324 1173 in
351 1151 423 1184 qua
451 1140 632 1185 prioribus
661 1140 886 1186 argumentis
909 1139 1003 1175 Dido
1032 1151 1156 1185 preces
1185 1139 1295 1184 addit,
1323 1140 1453 1185 quibus
1482 1152 1526 1175 ex

163 1203 291 1238 itinere
331 1206 477 1239 revocet
510 1204 681 1242 Aeneam.
737 1205 910 1240 Lehrsius
951 1206 1074 1239 autem
1115 1216 1176 1239 eos
1216 1215 1343 1240 versus
1380 1204 1525 1239 omnino

164 1279 270 1303 sensu
310 1279 433 1303 carere
470 1268 567 1305 dicit.
623 1269 744 1315 Atque
779 1281 818 1304 re
852 1280 940 1305 vera
973 1280 1055 1304 cum
1089 1269 1247 1304 alienum
1280 1268 1446 1304 videatur
1478 1269 1524 1304 ab

163 1332 292 1368 Ovidio
326 1344 469 1377 vocem,
504 1329 750 1378 ‘fraternaque
786 1330 878 1378 tela',
913 1344 1021 1378 quam
1055 1333 1189 1368 nudam
1225 1345 1331 1379 saepe
1363 1336 1525 1379 usurpat,

164 1397 287 1432 addito
316 1398 492 1433 vocabulo
522 1393 705 1443 ‘sagittas'
735 1398 905 1442 explicari
934 1394 994 1445 (cf.
1014 1409 1067 1442 ep.
1085 1398 1133 1441 ΙΙ,
1151 1396 1222 1444 40)
1251 1399 1359 1442 atque
1385 1397 1524 1433 duobus

164 1461 361 1495 enuntiatis
397 1457 517 1505 ‘fugae
553 1458 716 1496 comites'
752 1462 928 1507 enarrari,
963 1452 1065 1505 quasi
1099 1472 1171 1495 non
1204 1461 1328 1496 statim
1362 1461 1524 1506 intellegi

162 1525 303 1569 possint
336 1521 520 1559 ‘Dardana
555 1522 682 1570 sacra’,
720 1537 871 1570 cumque
905 1536 1031 1560 versus
1063 1526 1272 1560 159—162
1304 1525 1433 1559 melius
1461 1525 1522 1559 ad-

161 1591 354 1623 nectantur
392 1588 438 1623 ad
477 1589 634 1634 priorem
673 1589 945 1635 cogitationem,
985 1589 1155 1624 videntur
1197 1599 1324 1624 versus
1357 1588 1412 1623 illi
1445 1600 1523 1624 esse

162 1652 442 1697 interpolatoris.

270 1729 377 1763 Alter
404 1728 503 1763 locus
532 1730 589 1763 est
611 1727 713 1774 XIII,
741 1730 827 1774 161,
848 1729 934 1772 162,
963 1739 1052 1773 quos
1075 1739 1201 1764 versus
1228 1727 1415 1762 Palmerus
1439 1727 1520 1762 eiie-

161 1793 220 1828 cit.
281 1792 514 1836 Amplificant
558 1794 680 1826 autem
727 1792 954 1827 enuntiatum
1001 1788 1080 1836 eper
1123 1792 1280 1825 reditum
1324 1803 1522 1837 corpusque

161 1852 279 1891 tuum'
314 1858 423 1902 atque
457 1855 494 1890 id
527 1855 752 1901 interpositis
788 1855 869 1890 aliis
898 1855 1095 1890 sententiis.
1146 1855 1343 1890 Praeterea
1372 1855 1520 1890 haeren-

162 1920 247 1954 dum
276 1922 332 1954 est
360 1920 397 1953 in
425 1932 459 1954 v.
480 1922 573 1965 161,
604 1919 774 1964 quoniam
803 1918 953 1954 Ovidius
981 1916 1382 1964 nunquam'usurpavit
1408 1919 1520 1964 parti-

160 1984 279 2018 culam
308 1979 377 2018 ‘ut'
406 1983 443 2017 in
472 1983 660 2018 sententiis
689 1982 862 2028 optativis
891 1994 956 2028 pro
993 1979 1159 2017 ‘utinam'
1188 1985 1225 2018 et
1254 1979 1288 2017 ‘o
1318 1979 1373 2018 si’.
1427 1983 1520 2017 Nam

162 2048 389 2094 Sedlmayeri
417 2048 631 2092 coniectura,
660 2047 719 2093 qui
748 2047 833 2093 poni
861 2047 977 2083 voluit
1006 2043 1054 2082 ‘o'
1083 2059 1149 2093 pro
1173 2043 1253 2093 ‘ut',
1282 2059 1325 2083 ea
1346 2048 1390 2083 de
1412 2059 1521 2083 causa

159 2124 231 2147 non
247 2112 393 2148 videtur
410 2111 522 2156 accipi
540 2122 656 2156 posse,
675 2111 770 2157 quod
788 2113 896 2156 certe,
913 2114 955 2146 ut
967 2111 1294 2155 interpretarentur
1305 2111 1519 2156 particulam

160 2174 240 2223 ‘ut’,
269 2176 437 2212 librarios
467 2187 576 2222 supra
604 2175 770 2222 scripisse
800 2171 849 2211 ‘o'
879 2175 1030 2221 cogitari
1056 2176 1189 2221 potest,
1217 2174 1438 2210 contrarium
1460 2175 1519 2211 vix

158 2244 289 2287 potest.
342 2241 462 2286 Atque
500 2241 611 2275 etiam
646 2240 874 2275 enuntiatum
911 2236 1020 2285 ‘quod
1053 2241 1174 2274 tecum
1207 2239 1324 2284 possis
1359 2239 1436 2283 ipse
1464 2251 1517 2274 re-

159 2307 255 2341 ferre
294 2300 463 2354 (caput)',
502 2305 621 2355 nescio
663 2305 748 2353 quid
789 2304 900 2339 ieiuni
934 2306 1042 2350 atque
1078 2303 1224 2338 humilis
1258 2302 1384 2347 habet3
1423 2304 1517 2348 cogi-

158 2372 336 2406 tationum
370 2369 523 2415 denique
558 2369 645 2404 ordo
680 2370 768 2405 satis
807 2369 989 2414 displicet,
1026 2371 1082 2413 ut,
1116 2367 1204 2413 quin
1237 2369 1334 2403 recte
1368 2367 1517 2403 circum-

158 2436 338 2486 scribatur
366 2434 562 2479 distichon,
591 2434 740 2469 dubium
762 2445 835 2468 non
863 2435 919 2469 sit.

267 2500 298 2534 E
315 2499 456 2545 gnomis
480 2501 599 2534 autem
625 2498 817 2534 admodum
835 2498 932 2533 tritis
958 2508 1036 2533 esse
1053 2496 1223 2564 videntur
1240 2507 1293 2542 ep.
1313 2496 1364 2530 IV
1382 2509 1412 2534 v.
1434 2498 1469 2543 4,
1483 2499 1517 2542 5,
