1745 2813
722 115 976 153 ..73-

176 224 247 260 iste
279 223 394 261 Italus
427 224 568 271 doctus,
602 225 662 271 qui
695 227 771 261 tam
799 226 964 261 accurate
991 226 1120 271 poetae
1148 225 1443 261 consuetudinem
1471 226 1523 260 in-

177 288 394 335 vestigasset
416 291 453 330 et
474 289 629 336 vestigia
650 290 850 336 pressisset,
873 291 915 326 ut
936 290 1079 326 fabulas
1102 302 1146 326 ex
1168 290 1303 326 eisdem
1327 293 1438 337 atque
1461 291 1522 326 ille

178 354 339 390 fontibus
368 356 526 390 sumeret
553 357 591 391 et
617 356 724 401 plane
753 355 798 391 ad
826 355 902 391 eius
930 343 1224 392 consuetudinem
1252 358 1453 391 exornaret.

284 418 520 462 Probavimus
552 419 666 466 igitur
698 420 920 467 argumentis
954 421 1078 456 haece:
1113 422 1150 456 et
1176 421 1414 456 necessariam
1443 432 1522 456 esse

177 484 277 518 illam
305 484 564 530 narrationem,
592 496 683 530 quae
711 485 913 520 continetur
940 497 974 521 v.
1003 485 1085 520 CIV
1112 485 1195 531 illis,
1224 487 1262 521 et
1290 496 1432 520 0111110111
1459 485 1521 520 ho-

176 559 258 582 rum
285 547 543 593 condicionem,
572 548 765 584 dictionem
792 551 977 594 artemque
1005 550 1207 595 metricam,
1242 550 1408 585 imitandi
1432 549 1522 584 alios

176 613 302 657 poetas
319 612 497 647 rationem
514 624 594 648 eam
616 624 704 659 esse,
727 615 769 648 ut
791 613 907 648 eidem
930 613 1113 649 tribuendi
1136 614 1208 650 sint
1233 625 1359 649 versus
1382 616 1521 659 poetae,

180 676 241 721 qui
269 675 409 711 Paridis
438 677 631 722 epistulam
660 677 812 722 scripsit.

284 740 424 787 Restat,
451 743 493 776 ut
520 741 734 787 illustretur,
762 742 824 787 qui
850 742 988 777 factum
1016 753 1095 777 esse
1123 741 1299 788 videatur,
1327 744 1369 777 ut
1396 753 1522 777 versus

178 818 197 841 e
236 805 370 841 relicua
403 805 559 851 epistula
594 806 798 842 exciderint.
822 793 831 797 ἱ
860 806 994 852 Negari
1027 817 1099 841 non
1132 808 1253 851 potest
1286 819 1367 842 cum
1398 808 1521 852 loqua-

177 871 287 906 citate
326 872 433 917 atque
472 871 664 906 verborum
701 871 844 905 luxuria
882 871 1012 906 horum
1056 882 1226 906 versuum
1270 874 1523 917 argumentum

178 934 397 980 descriptum
425 946 518 981 esse;
551 946 768 981 quamquam
795 935 833 969 in
860 935 927 970 hac
955 946 994 969 re
1022 935 1112 970 nihil
1140 934 1261 970 differt
1288 947 1309 970 a
1337 937 1417 970 tota
1449 936 1521 980 epi-

178 1000 283 1035 stula.
326 999 427 1034 Hanc
450 1002 570 1034 autem
592 1000 704 1035 fuisse
728 1011 885 1043 causam,
908 1011 972 1034 cur
994 999 1120 1034 doctus
1145 1000 1274 1045 aliquis
1297 1001 1413 1045 homo,
1442 1013 1522 1035 cum

179 1063 418 1099 recensionem
445 1063 582 1098 faceret
610 1062 847 1108 epistularum
880 1062 1089 1108 videretque
1118 1063 1236 1114 aliquo
1270 1064 1375 1099 modo
1410 1064 1524 1109 excipi

178 1140 283 1174 posse
315 1140 461 1163 versum
498 1130 547 1164 38
577 1140 599 1163 a
631 1140 664 1164 v.
696 1129 786 1173 143,
828 1125 949 1177 totam:
983 1129 1084 1164 illam
1117 1130 1259 1173 partem
1292 1140 1334 1163 ex
1368 1128 1524 1173 epistula

179 1194 402 1239 segregaret,
431 1192 475 1237 de
508 1192 574 1227 hac
606 1191 750 1237 quidem
782 1204 821 1227 re
855 1194 950 1227 certe
984 1192 1043 1228 vix
1076 1192 1307 1238 cogitandum
1335 1194 1391 1227 est
1400 1189 1440 1241 ¹).
1473 1212 1520 1217 —

178 1257 294 1303 Magis
329 1257 465 1292 arridet
498 1257 585 1292 haec
618 1257 829 1293 coniectura.
892 1256 1030 1292 Codicis
1063 1257 1238 1292 Puteanei
1277 1257 1522 1303 archetypum,

179 1321 273 1357 unde
307 1333 431 1357 omnes
459 1321 610 1357 codices
630 1321 775 1357 fluxisse
808 1324 904 1357 recte
933 1322 1122 1367 statuitur,
1157 1322 1194 1356 in
1221 1333 1432 1368 unaquaque
1460 1333 1520 1366 pa-

178 1385 553 1433 gina-xxv-XXVI
570 1397 695 1422 versus
719 1386 919 1422 exhibuisse
943 1386 1019 1422 veri
1037 1388 1094 1421 est
1117 1386 1232 1421 simile
1256 1381 1316 1434 (cf.
1335 1386 1374 1422 L.
1392 1386 1523 1420 Miiller

179 1452 222 1486 de
251 1463 288 1486 re
317 1451 466 1486 metrica
493 1463 526 1496 p.
555 1450 596 1485 L.
624 1463 656 1495 p.
687 1447 766 1498 43).
828 1450 955 1496 Itaque
990 1451 1101 1485 statui
1133 1453 1255 1495 potest
1288 1450 1441 1484 duorum
1469 1451 1521 1484 fo-

178 1516 310 1551 liorum
336 1516 475 1550 iactura
507 1526 632 1550 versus
660 1514 740 1549 CIV
774 1526 852 1550 esse
886 1515 1106 1560 deperditos,
1140 1517 1177 1550 et
1209 1515 1395 1560 indicium,
1430 1512 1524 1560 q'uod

179 1581 235 1616 est
262 1580 300 1615 in
326 1579 509 1615 Puteaneo
537 1579 619 1624 post
645 1590 678 1614 v.
708 1579 775 1619 38,
805 1579 835 1614 si
863 1578 1006 1625 quidem
1032 1579 1235 1624 profectum
1263 1581 1321 1615 est
1352 1579 1398 1614 ab
1427 1578 1525 1613 illius

179 1645 264 1680 libri
286 1644 413 1688 scriba,
435 1644 584 1678 lacunae
605 1643 747 1689 signum
775 1643 1040 1689 agnoscendum
1071 1654 1159 1679 esse.

287 1828 524 1863 Manaverunt
551 1827 663 1871 igitur
690 1837 812 1861 omnes
834 1826 1021 1861 heroidum
1044 1827 1292 1872 epistularum,
1321 1838 1408 1872 quos
1432 1838 1524 1860 nunc

180 1892 324 1939 quidem
356 1891 536 1937 novimus,
572 1889 710 1927 codices
739 1901 782 1926 ex
810 1890 1021 1937 archetypo,
1055 1890 1092 1925 in
1120 1901 1189 1937 quo
1218 1892 1255 1926 et
1283 1890 1424 1937 singula
1451 1891 1521 1925 for-

178 1960 276 1993 tasse
304 1957 458 1998 disticha
484 1956 714 1991 librariorum
743 1968 862 1991 errore
890 1956 1147 1992 interciderant
1175 1958 1212 1991 et
1238 1956 1410 1991 nonnulla
1437 1955 1524 1990 folia

179 2024 256 2057 tam
268 2021 305 2055 in
321 2021 391 2055 fine
408 2031 516 2065 quam
528 2020 566 2054 in
576 2019 695 2055 medio
707 2020 799 2055 libro
817 2020 977 2055 abscissa
987 2020 1179 2065 perierant.
1209 2020 1392 2065 Perpauca
1402 2020 1523 2053 autem

181 2085 406 2131 exemplaria,
434 2097 525 2131 quae
548 2085 692 2131 quidem
714 2087 777 2120 aut
799 2085 985 2131 perierunt
1012 2086 1077 2120 aut
1098 2097 1191 2120 nunc
1214 2084 1338 2129 latent,
1367 2096 1408 2118 ex
1431 2083 1522 2119 inte-

180 2151 300 2198 griore
334 2149 453 2195 aliquo
482 2149 599 2185 codice
628 2150 825 2195 archetypo
853 2150 997 2184 fluxisse
1027 2151 1063 2184 et
1090 2161 1173 2184 raro
1201 2161 1279 2183 esse
1307 2147 1523 2192 transcripta

180 2215 410 2252 statuendum
429 2216 493 2251 est.
526 2215 647 2260 Atque
659 2214 843 2261 quaesitae
863 2216 899 2250 et
916 2215 1083 2251 inventae
1100 2215 1137 2249 in
1156 2214 1211 2249 his
1225 2215 1308 2249 sunt
1324 2213 1522 2259 particulae
1576 2257 1579 2260 Ι

180 2282 264 2317 illae
273 2281 426 2316 amissae
435 2282 512 2315 tum
526 2280 679 2325 demum,
691 2291 773 2314 cum
785 2281 993 2315 renascente
1005 2281 1169 2315 veterum
1182 2279 1391 2324 scriptorum
1403 2277 1521 2313 studio

181 2345 382 2390 ubicunque
409 2344 494 2379 libri
524 2355 631 2378 manu
660 2344 785 2389 scripti
812 2344 1154 2389 pervestigarentur.
1203 2343 1326 2387 Neque
1354 2353 1440 2377 vero
1469 2343 1523 2377 illi

270 2492 298 2531 1)
324 2489 450 2522 Statuit
472 2488 580 2522 simile
603 2488 731 2531 aliquid
755 2489 944 2530 Naugerius
967 2490 1001 2522 in
1024 2489 1102 2522 edit.
