1745 2813
720 126 951 164 -9-

210 244 212 248 ·
268 239 318 274 Et
344 238 441 284 quod
468 236 613 283 quidem
639 236 773 273 attinet
800 235 846 272 ad
876 247 938 273 eas
959 236 1044 272 libri
1065 236 1163 272 illius
1186 236 1393 283 scripturas,
1421 247 1511 282 quas

165 302 421 349 Sedlmayerus
442 302 484 337 P.
506 300 720 336 lectionibus
741 302 926 346 praestare
955 302 994 336 et
1021 312 1040 336 e
1062 301 1194 346 quibus
1215 301 1337 347 colligi
1358 301 1514 346 putabat

161 367 403 404 vetustiorem
419 365 550 402 codicis
568 364 747 401 Gissensis
770 376 878 411 quam
899 366 1100 402 ceterorum
1121 366 1234 402 fuisse
1256 365 1510 411 archetypum:

161 432 228 466 hae
262 431 294 466 si
325 442 365 465 re
399 441 487 465 vera
518 430 700 475 extarent,
732 440 805 464 non
836 430 1033 475 probarent
1065 430 1103 465 id
1130 429 1226 476 quod
1254 430 1509 476 Sedlmayerus

161 495 213 531 eis
250 493 398 541 probari
436 493 668 540 opinabatur,
713 492 881 540 quoniam
919 493 1145 539 pertinerent
1182 493 1229 529 ad
1271 494 1511 530 correctiones

161 559 270 604 tales,
298 558 423 604 quales
450 569 472 593 a
499 557 656 593 librariis
684 558 924 593 lectoribusve
951 558 1050 593 facili
1076 558 1222 604 negotio
1250 559 1386 604 absque
1414 558 1509 594 codi-

160 635 242 659 cum
280 622 522 668 antiquiorum
562 622 778 658 auctoritate
817 621 973 658 inveniri
1010 623 1189 667 poterant.
1253 622 1301 658 At
1340 635 1385 658 ne
1426 625 1511 658 sunt

161 687 305 733 quidem
333 687 371 722 in
397 687 460 722 illo
488 687 582 722 libro
610 686 772 722 Gissensi
799 687 914 722 bonae
948 686 1033 721 illae
1067 686 1282 732 scripturae,
1316 699 1404 732 quas
1433 687 1509 721 Wi-

160 752 339 798 gaudiana
366 749 470 804 usus·
481 752 673 788 collatione
701 753 890 788 enumerat
920 751 1177 796 Sedlmayerus
1201 746 1242 799 (l.
1259 762 1288 787 c.
1306 764 1338 797 p.
1358 753 1407 787 52
1428 746 1508 800 sq.)

160 818 213 852 Re
240 828 327 852 vera
353 817 391 852 in
417 817 537 852 codice
566 816 726 854 Gissensi
753 829 787 853 v.
814 816 862 862 II,
893 817 968 852 142
1002 816 1137 862 legitur
1173 811 1298 851 ‘iuvat'
1333 818 1370 851 et
1398 828 1509 862 supra

162 880 334 926 scriptum
363 883 419 917 est
445 881 599 917 fortasse
628 881 674 917 ab
703 881 828 917 eadem
850 892 959 916 manu
982 876 1106 925 ‘libet'3
1135 879 1197 925 VI,
1215 882 1265 916 83
1295 863 1517 926 me'rItisque,

164 947 238 981 109
264 945 464 990 aesonides;
491 946 553 991 IX,
572 948 620 981 87
644 947 682 980 in
704 946 943 991 cupressifero
966 945 1208 990 Erymanth03
1231 945 1274 990 X,
1298 947 1371 981 129
1396 946 1510 980 solam

160 1010 306 1055 tellure3
329 1010 409 1055 XII,
430 1012 504 1056 118
528 1011 669 1056 iamque
691 1021 838 1055 nocens3
864 1008 938 1044 185
962 1021 1045 1044 nam
1067 1008 1151 1054 tibi;
1179 1008 1276 1054 XIV,
1295 1010 1317 1044 5
1341 1020 1510 1054 saponere

162 1070 241 1122 (ubi
262 1074 335 1120 legi
362 1074 562 1109 ferebatur:
591 1069 846 1121 ‘demittere’);
875 1074 970 1117 XVI,
1000 1075 1075 1109 245
1099 1084 1308 1119 persequar;
1336 1074 1432 1119 XIX,
1456 1076 1506 1110 37

161 1125 328 1183 placidas.
363 1137 465 1180 Quod
483 1138 544 1182 IX,
564 1140 638 1173 129
663 1139 764 1173 extat
786 1133 963 1173 ‘sublimis
980 1134 1037 1173 ab'
1066 1139 1164 1173 certe
1186 1149 1291 1173 nemo
1315 1138 1416 1173 aliud
1437 1138 1508 1173 nisi

161 1202 401 1246 coniecturam
419 1212 497 1236 esse
514 1201 697 1246 iudicabit,
714 1213 794 1236 cum
806 1202 1011 1237 Puteaneus
1029 1203 1066 1236 et
1083 1202 1146 1236 alii
1162 1201 1247 1236 libri
1264 1203 1508 1247 corruptelam

160 1266 318 1301 habeant
345 1261 511 1300 ‘sublime
532 1261 611 1301 sub'
633 1276 698 1311 pro
721 1261 900 1301 ‘sublimis
925 1261 988 1302 ut'.
1015 1284 1060 1290 —
1086 1266 1211 1311 Neque
1238 1266 1335 1301 ullus
1362 1266 1508 1301 illorum

160 1400 440 1443 interpolationes
461 1409 505 1433 ne
528 1400 735 1434 adnotantur
757 1400 911 1442 quidem,
939 1400 979 1433 ut
999 1410 1108 1442 paene
1132 1399 1302 1434 dubitatio
1326 1400 1410 1433 mihi
1433 1410 1503 1434 ore—

160 1457 262 1495 retur,
285 1466 365 1487 num
388 1455 508 1488 eodem
531 1455 566 1487 et
587 1454 646 1487 ille
669 1456 705 1487 et
726 1465 791 1496 ego
811 1455 864 1488 usi
881 1465 1030 1488 essemus
1047 1454 1135 1487 libro
1154 1454 1315 1489 Gissensi.
1350 1455 1416 1488 Sed
1434 1465 1528 1499 cuma

161 1508 405 1541 intellexissem
432 1509 544 1540 totum
567 1508 690 1541 librum
712 1508 838 1541 nullius
861 1518 934 1541 esse
957 1508 1135 1547 momenti,
1165 1518 1251 1549 quae
1273 1508 1431 1550 peccavit
1451 1500 1511 1541 ille

161 1561 363 1604 singillatim
381 1561 494 1595 omnia
509 1561 628 1595 afferre
645 1572 768 1604 operae
785 1562 930 1604 pretium
947 1572 1016 1594 non
1040 1572 1113 1594 esse
1136 1561 1263 1604 putavi.
1310 1562 1384 1594 Uno
1407 1561 1511 1594 liceat

160 1616 212 1648 uti
234 1615 399 1657 exemplo,
422 1616 460 1647 ut
476 1615 650 1657 appareat,
673 1624 774 1655 quam
794 1613 1013 1657 neglegenter
1031 1614 1175 1647 collatus
1198 1614 1244 1646 sit
1259 1614 1362 1647 liber.·
1388 1614 1450 1656 Ep.
1469 1615 1509 1648 II.

161 1672 212 1710 23,
230 1668 288 1702 ubi
310 1668 492 1711 legendum
516 1669 568 1700 est
591 1667 793 1709 ‘reducunt’,
817 1666 944 1700 codicis
968 1667 1134 1700 Gissensis
1154 1667 1313 1699 mendum
1330 1667 1512 1700 adnotatur

164 1722 372 1763 ‘recedunt'3
408 1722 466 1754 sed
494 1732 530 1754 re
558 1730 640 1754 vera
668 1722 721 1755 est
747 1720 783 1753 in
810 1721 898 1754 libro
929 1721 1120 1754 ‘reducunt'
1151 1721 1278 1754 usitato
1307 1721 1509 1764 compendio

163 1776 326 1818 scriptum
348 1771 450 1817 atque
473 1776 584 1817 prima
606 1775 738 1816 syllaba
762 1775 825 1807 ‘re’
851 1785 962 1808 errore
984 1775 1036 1808 bis
1060 1775 1181 1817 posita,
1205 1786 1346 1816 quarum
1363 1775 1510 1817 priorem

161 1829 280 1863 eadem
299 1839 428 1870 manus,
452 1838 538 1870 quae
556 1828 671 1861 omnia
688 1828 834 1871 scripsit,
850 1828 940 1861 infra
957 1828 1060 1862 ducta
1080 1828 1206 1862 lineola
1223 1829 1297 1871 (12),
1321 1829 1360 1861 ut
1376 1828 1510 1870 saepius

161 1884 200 1916 fit
221 1883 256 1915 in
278 1883 339 1916 illo
362 1883 460 1923 libro,
482 1882 561 1927 tolli
585 1881 702 1915 voluit.
738 1881 805 1915 Sed
827 1882 948 1916 eodem
970 1883 1161 1915 atramento
1177 1882 1286 1925 nigro,
1310 1893 1375 1923 quo
1393 1883 1510 1915 nostra

161 1936 232 1969 sine
256 1936 358 1968 dubio
381 1936 494 1968 aetate
516 1946 634 1967 manus
657 1935 772 1976 aliqua
793 1935 961 1968 interdum
979 1945 1135 1967 versuum
1152 1946 1310 1968 numeros
1327 1935 1510 1977 adscripsit

160 1989 294 2030 aliaque
317 1988 449 2021 addidit
469 1988 609 2029 indicia,
640 1988 749 2020 altera
770 1988 886 2021 littera
910 1988 954 2020 ‘r’
977 1989 1109 2021 mutata
1130 1989 1184 2021 est
1204 1988 1240 2021 in
1262 1999 1296 2030 c,
1324 1989 1362 2020 ut
1383 1988 1508 2021 omisso

161 2041 359 2084 compendio
387 2041 457 2084 legi
482 2033 591 2084 possit
614 2042 815 2074 ‘recedunt’.
840 2060 879 2065 —
903 2041 982 2074 Alia
1003 2043 1038 2074 et
1059 2042 1150 2074 haud
1172 2052 1278 2084 parva
1298 2041 1384 2074 false
1406 2042 1509 2075 adno-

160 2097 234 2130 tata
256 2107 328 2130 esse
351 2096 442 2139 apud.
463 2095 638 2134 Loersium
661 2097 696 2129 et
717 2095 969 2137 Sedlmayerum
992 2106 1010 2128 e
1027 2096 1151 2128 nostris
1174 2095 1354 2138 intelleges
1371 2095 1506 2129 tabulis.

247 2161 379 2194 Codicis
392 2160 587 2202 ¹descriptio
609 2160 700 2202 apud
725 2160 976 2201 Sedlmayerum
1000 2160 1035 2201 (l.
1055 2171 1083 2193 c.
1100 2171 1133 2201 p.
1152 2162 1205 2201 21)
1227 2161 1319 2193 recte
1338 2170 1373 2193 se
1390 2161 1509 2201 habet;

161 2215 243 2249 addi
265 2215 381 2257 potest
397 2214 479 2247 olim
495 2213 723 2247 bibliothecae
740 2213 966 2246 Mentelianae
983 2213 1086 2246 fuisse
1104 2213 1230 2246 librum
1248 2215 1283 2247 et
1304 2223 1508 2255 quamquam

161 2270 215 2301 est
239 2268 391 2310 integer,
420 2268 537 2301 deesse
567 2278 644 2301 cum
671 2268 777 2311 totius
799 2267 880 2300 libri
900 2269 973 2301 tum
996 2266 1207 2310 singularum
1229 2267 1451 2310 epistularum
1474 2269 1510 2301 et

161 2321 397 2364 inscriptiones
421 2322 457 2354 et
478 2320 751 2363 subscriptione&

247 2386 404 2419 Ceterum
437 2385 508 2419 iam
540 2387 633 2420 recte
667 2385 709 2418 de
742 2384 822 2419 libri
849 2385 959 2428 pretio
987 2385 1173 2420 iudicatum
1201 2387 1273 2419 erat
1299 2395 1321 2418 a
1347 2385 1510 2429 Diltheyo

161 2441 197 2481 (1,
222 2450 249 2472 c.
272 2450 306 2481 p.
330 2444 371 2473 60
392 2451 425 2474 n.
451 2442 493 2482 1),
515 2439 574 2481 qui
596 2440 669 2481 ipse
692 2448 768 2471 eum
790 2440 1052 2482 examinaverat,
1075 2440 1110 2472 id
1134 2439 1225 2481 quod
1247 2450 1269 2472 a
1291 2440 1510 2482 Sedlmayero

160 2505 228 2528 non
251 2495 325 2527 erat
345 2494 605 2536 neglegendum.

1605 1504 1624 1520 Ὺ

1546 1452 1713 1505 -.J-212}
