1745 2813
738 116 995 154 -35—

193 223 433 269 enumeravit,
472 234 562 269 quae
592 223 636 258 de
664 224 813 270 coniuge
842 224 990 260 absente
1018 225 1199 261 timuisset
1226 228 1262 261 et
1296 237 1367 272 qua
1400 226 1539 261 ratione

192 297 274 321 eum
301 287 567 332 anquisivisset,
594 287 677 322 inde
704 298 727 322 a
755 299 863 323 versu
892 289 940 322 81
971 289 1090 333 pergit
1117 300 1275 333 narrare,
1303 292 1440 334 quanta
1468 289 1538 325 sibi

191 350 289 385 mala
315 350 461 396 instent,
488 350 704 396 praesertim
726 362 807 387 cum
831 363 853 386 a
874 354 978 397 patre
1001 347 1124 387 ‘viduo
1147 349 1328 387 discedere
1351 350 1457 389 lecto'
1481 364 1538 388 co-

190 416 308 460 gatur.
370 414 456 461 Sed,
495 415 628 461 inquit,
667 416 852 461 increpare
887 416 991 450 illum
1025 416 1149 461 licere,
1188 428 1226 451 se
1261 427 1402 462 semper
1439 417 1539 452 Ulixi

189 478 296 512 fidem
325 480 551 514 servaturam
579 490 667 515 esse.
724 480 818 514 Tum
846 482 1045 525 sequuntur
1071 491 1198 514 versus
1228 480 1290 524 85,
1320 481 1386 514 86:

387 554 469 600 Ipse
497 556 620 590 tamen
646 555 783 601 pietate
812 566 893 590 mea
920 542 1156 601 precibusque
1184 554 1323 600 pudicis

446 619 641 665 Frangitur
669 622 706 654 et
732 620 829 655 vires
858 621 1037 664 temperat
1065 620 1142 664 ipse
1171 631 1265 655 suas.

189 692 288 735 Quae
315 705 384 729 vox
411 694 527 738 primo
562 695 693 730 obtutu
726 694 924 739 suspiciosa
957 692 1117 739 videtur,
1151 689 1371 739 ‘frangitur’,
1404 693 1536 739 quippe

187 768 279 801 quae
305 769 482 803 nusquam
510 759 578 793 tali
605 770 711 794 sensu
739 759 904 793 absolute
933 760 1130 803 usurpetur
1156 758 1202 792 ab
1232 756 1361 792 Ovidio
1391 752 1453 806 (cf.
1478 757 1537 792 Tr.

187 820 254 865 III,
283 822 341 866 14,
366 823 431 866 323
460 822 562 858 Fast:
580 822 608 866 Ι,
634 824 727 868 301;
756 823 841 857 Met.
865 821 946 866 XII,
971 822 1066 866 3493
1095 821 1158 866 XI,
1184 822 1277 866 7303
1306 820 1406 865 VIII,
1430 816 1538 869 508),

187 883 263 918 sine
291 884 400 922 dubio
428 887 597 931 corrupta
625 888 681 921 est
709 897 752 920 ex
779 881 974 930 ‘tangitur’
985 880 1015 932 ¹)
1045 881 1106 932 (cf.
1130 895 1199 919 am.
1224 884 1272 929 II,
1296 885 1331 928 4,
1355 885 1422 929 453
1451 884 1535 920 Met.

186 945 236 991 II,
264 943 368 996 584).
423 947 578 984 Defendi
605 951 728 985 autem
750 960 823 983 non
849 950 972 994 potest
1000 948 1227 983 enuntiatum
1262 944 1372 982 ‘vires
1400 949 1536 993 tempe-

185 1013 244 1046 rat
276 1011 353 1057 ipse
387 1009 494 1049 suas’.
550 1013 601 1048 Ut
634 1013 800 1048 omittam
834 1013 914 1048 voci
947 1008 1070 1048 ‘vires'
1106 1011 1167 1047 vix
1194 1011 1313 1046 inesse
1341 1011 1444 1046 illam
1472 1023 1533 1047 no-

185 1075 336 1122 tionem,
375 1088 466 1122 quae
498 1076 565 1112 hoc
597 1077 674 1112 loco
710 1076 943 1122 significanda
977 1078 1047 1121 est,
1083 1087 1266 1121 nunquam
1299 1087 1321 1110 a
1360 1076 1534 1122 scriptore

185 1140 260 1175 ullo
288 1140 402 1175 latino
429 1143 627 1186 usurpatur
654 1152 738 1186 vox,
771 1137 879 1175 ‘vires
908 1136 1124 1185 temperare'
1152 1140 1212 1175 vel
1240 1139 1357 1174 simile
1385 1139 1532 1185 aliquid,

183 1203 254 1238 nisi
288 1204 411 1238 addito
445 1204 622 1249 ablativo,
661 1202 730 1249 quo
765 1204 1001 1249 significetur,
1036 1215 1107 1248 qua
1140 1215 1178 1238 re
1206 1204 1265 1239 vel
1293 1215 1365 1250 qua
1392 1204 1533 1238 ratione

183 1269 406 1312 temperetur
439 1269 492 1303 rei
525 1268 642 1304 alicui.
672 1287 722 1292 —
751 1267 896 1313 Cogitet
927 1251 1082 1302 forsitan
1109 1267 1286 1313 quispiam
1314 1268 1358 1302 de
1385 1279 1532 1312 corrup-

184 1332 273 1377 tela,
314 1334 355 1367 ut
388 1332 558 1367 Heinsius
597 1329 649 1367 ‘et
687 1333 781 1368 vires
815 1334 996 1377 temperat
1029 1331 1084 1366 ira
1118 1327 1214 1366 suas'
1248 1333 1356 1376 atque
1389 1332 1532 1367 Riesius

184 1380 308 1441 ‘atque
334 1395 406 1431 iras
433 1398 615 1442 temperat
641 1397 718 1442 ipse
747 1392 843 1431 suas'
877 1398 1142 1441 proposuerunt
1175 1396 1407 1430 coniecturas.
1462 1396 1532 1431 Sed

183 1461 280 1496 illius
309 1460 495 1496 inventum
523 1461 672 1497 mirifice
700 1472 723 1496 a
749 1461 968 1507 cogitatione
990 1460 1172 1506 abhorret,
1199 1459 1243 1494 de
1265 1459 1332 1494 hac
1356 1460 1533 1505 scriptura

182 1524 279 1559 idem
305 1526 421 1560 restat
449 1526 637 1570 scrupulus
665 1526 772 1570 atque
802 1525 845 1560 de
874 1524 1035 1559 codicum
1068 1525 1231 1559 lectione.
1286 1525 1411 1569 Neque
1447 1537 1532 1560 vero

182 1588 394 1624 mutandum
428 1600 506 1624 esse
539 1588 735 1634 quidquam
767 1591 872 1635 puto;
911 1588 1056 1623 fluxisse
1091 1589 1186 1623 enim
1219 1587 1386 1624 videntur
1421 1589 1533 1623 verba

183 1663 226 1686 ex
254 1653 357 1697 epist.
387 1664 406 1687 e
434 1653 470 1688 P.
502 1652 569 1697 III,
600 1654 634 1698 6,
664 1654 713 1687 24
742 1652 930 1688 memoria:

523 1727 670 1762 Iustitia
697 1728 789 1762 vires
816 1729 981 1770 temperat
1006 1727 1065 1761 ille
1091 1709 1199 1762 suas]

182 1803 302 1847 Atque
330 1804 372 1837 ut
399 1802 464 1838 illa
491 1802 669 1838 removeri
695 1804 818 1848 posset
846 1801 1004 1846 offensio,
1032 1802 1144 1837 totius
1173 1801 1242 1836 loci
1270 1801 1450 1837 sententia
1472 1813 1528 1837 co-

180 1866 468 1911 gitationumque
491 1878 603 1901 nexus
624 1877 753 1911 parum
775 1866 971 1911 probabilis
995 1868 1059 1900 est.
1110 1866 1273 1910 Apparet
1301 1866 1395 1899 enim
1423 1866 1528 1910 plane

181 1930 360 1964 contraria
399 1929 482 1964 addi
521 1932 584 1965 aut
617 1932 713 1986 certe
746 1930 859 1965 totius
893 1929 1093 1965 sententiae
1126 1929 1200 1964 vim
1232 1939 1380 1973 prorsus
1416 1929 1528 1964 deleri

181 1993 236 2028 his
264 1993 409 2029 insertis
438 1993 617 2039 versibus,
646 1994 677 2028 si
704 1994 866 2029 conferas
895 1995 943 2029 81
975 2004 1040 2038 sq.:

372 2058 430 2093 Me
457 2060 562 2103 pater
590 2086 597 2093 .
617 2087 624 2094 .

427 2121 526 2166 Cogit
553 2123 590 2157 et
616 2122 812 2157 immensas
839 2122 1001 2167 increpat
1026 2133 1138 2167 usque
1166 2132 1302 2166 moras,

372 2186 529 2231 Increpet
553 2197 668 2232 usque
695 2186 790 2223 licet.
847 2186 926 2222 Tua
954 2198 1034 2222 sum
1062 2213 1070 2221 .
1090 2213 1098 2222 .

269 2301 299 2340 1)
322 2299 473 2331 Fulcitur
494 2299 579 2331 haec
603 2298 797 2331 coniectura.
819 2309 860 2331 ea
881 2309 928 2339 re,
952 2299 1042 2340 quod
1066 2301 1101 2331 ct
1122 2299 1224 2331 facile
1248 2298 1448 2331 commutari
1466 2309 1525 2340 po-

179 2354 319 2385 tuerunt
342 2353 383 2384 ‘t’
410 2354 445 2384 et
469 2352 526 2383 ‘fr'
553 2362 574 2384 a
595 2351 743 2384 librariis
766 2353 801 2384 et
823 2362 941 2384 revera
965 2354 1215 2384 commutantur
1236 2351 1405 2383 interdum
1427 2352 1523 2383 velut

180 2415 201 2437 a
222 2406 382 2445 quattuor
405 2404 577 2437 codicibus
601 2415 653 2446 ep.
676 2405 703 2443 Ι,
720 2408 761 2437 42
785 2405 843 2445 (cf.
866 2404 1014 2437 Palmeri
1038 2404 1118 2436 edit.
1137 2404 1182 2437 ad
1204 2404 1250 2445 1.).
1296 2404 1448 2445 Itemque
1472 2415 1523 2445 ep.

180 2458 252 2498 VII,
267 2462 327 2491 169
344 2469 405 2501 pro
425 2457 631 2501 ‘frangentia
646 2458 741 2490 litus'
764 2458 946 2500 legendum
964 2468 1035 2490 esse
1053 2457 1187 2490 videtur
1208 2456 1400 2498 ‘tangentia
1416 2456 1522 2490 litus!

1224 2511 1268 2543 3*
