<?xml version="1.0" encoding="UTF-8"?>
<!DOCTYPE html PUBLIC "-//W3C//DTD XHTML 1.0 Transitional//EN"
    "http://www.w3.org/TR/xhtml1/DTD/xhtml1-transitional.dtd">
<html xmlns="http://www.w3.org/1999/xhtml" xml:lang="en" lang="en">
 <head>
  <title>
</title>
<meta http-equiv="Content-Type" content="text/html;charset=utf-8" />
  <meta name='ocr-system' content='tesseract 3.04.00' />
  <meta name='ocr-capabilities' content='ocr_page ocr_carea ocr_par ocr_line ocrx_word'/>
</head>
<body>
  <div class='ocr_page' id='page_1' title='image "4737333_0049.png"; bbox 0 0 1745 2813; ppageno 0'>
   <div class='ocr_carea' id='block_1_1' title="bbox 157 201 1505 1725">
    <p class='ocr_par' dir='ltr' id='par_1_1' title="bbox 157 201 1505 1150">
     <span class='ocr_line' id='line_1_1' title="bbox 265 201 1504 258; baseline -0.001 -11"><span class='ocrx_word' id='word_1_1' title='bbox 265 201 359 247; x_wconf 72' lang='lat' dir='ltr'>Nam</span> <span class='ocrx_word' id='word_1_2' title='bbox 385 211 541 258; x_wconf 86' lang='lat' dir='ltr'>primum</span> <span class='ocrx_word' id='word_1_3' title='bbox 569 209 712 256; x_wconf 90' lang='lat' dir='ltr'>quidem</span> <span class='ocrx_word' id='word_1_4' title='bbox 739 210 871 246; x_wconf 80' lang='lat' dir='ltr'>mirum·</span> <span class='ocrx_word' id='word_1_5' title='bbox 898 213 963 255; x_wconf 79' lang='lat' dir='ltr'>est,</span> <span class='ocrx_word' id='word_1_6' title='bbox 991 210 1085 256; x_wconf 87' lang='lat' dir='ltr'>quod</span> <span class='ocrx_word' id='word_1_7' title='bbox 1113 222 1234 247; x_wconf 88' lang='lat' dir='ltr'>omnes</span> <span class='ocrx_word' id='word_1_8' title='bbox 1256 210 1416 246; x_wconf 87' lang='lat' dir='ltr'>Helenae</span> <span class='ocrx_word' id='word_1_9' title='bbox 1443 221 1504 246; x_wconf 84' lang='lat' dir='ltr'>co-</span> 
     </span>
     <span class='ocr_line' id='line_1_2' title="bbox 158 261 1503 322; baseline -0.001 -11"><span class='ocrx_word' id='word_1_10' title='bbox 158 278 289 322; x_wconf 80' lang='lat' dir='ltr'>gnatos</span> <span class='ocrx_word' id='word_1_11' title='bbox 315 278 409 320; x_wconf 92' lang='lat' dir='ltr'>tum,</span> <span class='ocrx_word' id='word_1_12' title='bbox 445 287 526 315; x_wconf 86' lang='lat' dir='ltr'>cum</span> <span class='ocrx_word' id='word_1_13' title='bbox 552 275 632 320; x_wconf 90' lang='lat' dir='ltr'>ipsa</span> <span class='ocrx_word' id='word_1_14' title='bbox 659 277 769 319; x_wconf 82' lang='lat' dir='ltr'>rapta</span> <span class='ocrx_word' id='word_1_15' title='bbox 796 275 845 310; x_wconf 88' lang='lat' dir='ltr'>sit</span> <span class='ocrx_word' id='word_1_16' title='bbox 870 287 893 310; x_wconf 88' lang='lat' dir='ltr'>a</span> <span class='ocrx_word' id='word_1_17' title='bbox 919 261 1065 321; x_wconf 82' lang='lat' dir='ltr'>Paride,</span> <span class='ocrx_word' id='word_1_18' title='bbox 1097 276 1136 310; x_wconf 90' lang='lat' dir='ltr'>in</span> <span class='ocrx_word' id='word_1_19' title='bbox 1167 275 1320 311; x_wconf 81' lang='lat' dir='ltr'>Menelai</span> <span class='ocrx_word' id='word_1_20' title='bbox 1353 275 1503 310; x_wconf 90' lang='lat' dir='ltr'>aedibus</span> 
     </span>
     <span class='ocr_line' id='line_1_3' title="bbox 158 328 1502 386; baseline -0.001 -11"><span class='ocrx_word' id='word_1_21' title='bbox 158 339 317 376; x_wconf 80' lang='lat' dir='ltr'><strong>adfuisse</strong></span> <span class='ocrx_word' id='word_1_22' title='bbox 344 328 506 386; x_wconf 70' lang='lat' dir='ltr'>fingitui3</span> <span class='ocrx_word' id='word_1_23' title='bbox 536 338 646 374; x_wconf 87' lang='lat' dir='ltr'>etiam</span> <span class='ocrx_word' id='word_1_24' title='bbox 672 338 844 373; x_wconf 90' lang='lat' dir='ltr'>maiorem</span> <span class='ocrx_word' id='word_1_25' title='bbox 871 338 984 375; x_wconf 86' lang='lat' dir='ltr'>habet</span> <span class='ocrx_word' id='word_1_26' title='bbox 1011 338 1261 384; x_wconf 83' lang='lat' dir='ltr'><strong>suspicionem,</strong></span> <span class='ocrx_word' id='word_1_27' title='bbox 1288 339 1394 385; x_wconf 89' lang='lat' dir='ltr'>quod,</span> <span class='ocrx_word' id='word_1_28' title='bbox 1421 351 1502 375; x_wconf 85' lang='lat' dir='ltr'>cum</span> 
     </span>
     <span class='ocr_line' id='line_1_4' title="bbox 159 401 1502 448; baseline 0 -10"><span class='ocrx_word' id='word_1_29' title='bbox 159 405 360 439; x_wconf 85' lang='lat' dir='ltr'>ceterorum</span> <span class='ocrx_word' id='word_1_30' title='bbox 387 403 534 439; x_wconf 86' lang='lat' dir='ltr'>nomina</span> <span class='ocrx_word' id='word_1_31' title='bbox 560 402 790 448; x_wconf 68' lang='lat' dir='ltr'>reticeantur,</span> <span class='ocrx_word' id='word_1_32' title='bbox 817 402 897 447; x_wconf 86' lang='lat' dir='ltr'>ipsa</span> <span class='ocrx_word' id='word_1_33' title='bbox 917 401 1062 437; x_wconf 86' lang='lat' dir='ltr'>Phoebe</span> <span class='ocrx_word' id='word_1_34' title='bbox 1091 413 1192 437; x_wconf 85' lang='lat' dir='ltr'>soror</span> <span class='ocrx_word' id='word_1_35' title='bbox 1218 402 1269 437; x_wconf 88' lang='lat' dir='ltr'>ibi</span> <span class='ocrx_word' id='word_1_36' title='bbox 1290 414 1502 438; x_wconf 90' lang='lat' dir='ltr'>commemo-</span> 
     </span>
     <span class='ocr_line' id='line_1_5' title="bbox 159 462 1503 518; baseline -0.001 -16"><span class='ocrx_word' id='word_1_37' title='bbox 159 462 316 518; x_wconf 70' lang='lat' dir='ltr'>ratur-¹),</span> <span class='ocrx_word' id='word_1_38' title='bbox 351 466 437 512; x_wconf 91' lang='lat' dir='ltr'>quid</span> <span class='ocrx_word' id='word_1_39' title='bbox 463 477 549 502; x_wconf 86' lang='lat' dir='ltr'>vero</span> <span class='ocrx_word' id='word_1_40' title='bbox 583 466 756 511; x_wconf 87' lang='lat' dir='ltr'>puerilius</span> <span class='ocrx_word' id='word_1_41' title='bbox 790 465 987 511; x_wconf 84' lang='lat' dir='ltr'>excogitari</span> <span class='ocrx_word' id='word_1_42' title='bbox 1019 467 1155 511; x_wconf 88' lang='lat' dir='ltr'>potest,</span> <span class='ocrx_word' id='word_1_43' title='bbox 1189 476 1296 511; x_wconf 90' lang='lat' dir='ltr'>quam</span> <span class='ocrx_word' id='word_1_44' title='bbox 1329 467 1503 501; x_wconf 82' lang='lat' dir='ltr'>semideos</span> 
     </span>
     <span class='ocr_line' id='line_1_6' title="bbox 159 529 1504 574; baseline 0.001 -11"><span class='ocrx_word' id='word_1_45' title='bbox 159 529 340 565; x_wconf 87' lang='lat' dir='ltr'>dioscuros</span> <span class='ocrx_word' id='word_1_46' title='bbox 374 529 541 565; x_wconf 78' lang='lat' dir='ltr'>flevisse?</span> <span class='ocrx_word' id='word_1_47' title='bbox 580 530 687 574; x_wconf 88' lang='lat' dir='ltr'>plane</span> <span class='ocrx_word' id='word_1_48' title='bbox 721 529 958 565; x_wconf 83' lang='lat' dir='ltr'>intolerabilis</span> <span class='ocrx_word' id='word_1_49' title='bbox 991 531 1114 564; x_wconf 87' lang='lat' dir='ltr'>autem</span> <span class='ocrx_word' id='word_1_50' title='bbox 1145 531 1225 564; x_wconf 86' lang='lat' dir='ltr'>tota</span> <span class='ocrx_word' id='word_1_51' title='bbox 1257 529 1299 564; x_wconf 87' lang='lat' dir='ltr'>fit</span> <span class='ocrx_word' id='word_1_52' title='bbox 1325 530 1504 565; x_wconf 79' lang='lat' dir='ltr'>sententia</span> 
     </span>
     <span class='ocr_line' id='line_1_7' title="bbox 158 589 1502 640; baseline 0 -12"><span class='ocrx_word' id='word_1_53' title='bbox 158 592 280 628; x_wconf 86' lang='lat' dir='ltr'>addito</span> <span class='ocrx_word' id='word_1_54' title='bbox 309 593 461 629; x_wconf 89' lang='lat' dir='ltr'>disticho</span> <span class='ocrx_word' id='word_1_55' title='bbox 492 595 553 640; x_wconf 83' lang='lat'>79,</span> <span class='ocrx_word' id='word_1_56' title='bbox 582 594 642 630; x_wconf 89' lang='lat'>80.</span> <span class='ocrx_word' id='word_1_57' title='bbox 700 592 794 635; x_wconf 84' lang='lat' dir='ltr'>Quid</span> <span class='ocrx_word' id='word_1_58' title='bbox 821 592 942 628; x_wconf 82' lang='lat' dir='ltr'>enim?</span> <span class='ocrx_word' id='word_1_59' title='bbox 969 592 1026 627; x_wconf 92' lang='lat' dir='ltr'>his</span> <span class='ocrx_word' id='word_1_60' title='bbox 1054 592 1142 638; x_wconf 91' lang='lat' dir='ltr'>ipsis</span> <span class='ocrx_word' id='word_1_61' title='bbox 1169 593 1289 628; x_wconf 88' lang='lat' dir='ltr'>verbis</span> <span class='ocrx_word' id='word_1_62' title='bbox 1317 589 1407 627; x_wconf 81' lang='lat' dir='ltr'>‘sine</span> <span class='ocrx_word' id='word_1_63' title='bbox 1434 605 1502 638; x_wconf 90' lang='lat' dir='ltr'>me,</span> 
     </span>
     <span class='ocr_line' id='line_1_8' title="bbox 158 654 1503 703; baseline 0.001 -12"><span class='ocrx_word' id='word_1_64' title='bbox 158 659 284 701; x_wconf 89' lang='lat' dir='ltr'>mater,</span> <span class='ocrx_word' id='word_1_65' title='bbox 312 654 416 703; x_wconf 89' lang='lat' dir='ltr'>abis’,</span> <span class='ocrx_word' id='word_1_66' title='bbox 444 657 678 703; x_wconf 89' lang='lat' dir='ltr'>quodcunque</span> <span class='ocrx_word' id='word_1_67' title='bbox 706 657 750 692; x_wconf 90' lang='lat' dir='ltr'>de</span> <span class='ocrx_word' id='word_1_68' title='bbox 778 658 879 692; x_wconf 91' lang='lat' dir='ltr'>luctu</span> <span class='ocrx_word' id='word_1_69' title='bbox 906 657 969 691; x_wconf 90' lang='lat' dir='ltr'>illo</span> <span class='ocrx_word' id='word_1_70' title='bbox 997 658 1177 701; x_wconf 85' lang='lat' dir='ltr'>narratur,</span> <span class='ocrx_word' id='word_1_71' title='bbox 1204 668 1320 691; x_wconf 90' lang='lat' dir='ltr'>nonne</span> <span class='ocrx_word' id='word_1_72' title='bbox 1348 658 1385 691; x_wconf 88' lang='lat' dir='ltr'>in</span> <span class='ocrx_word' id='word_1_73' title='bbox 1413 657 1503 692; x_wconf 84' lang='lat' dir='ltr'>illud</span> 
     </span>
     <span class='ocr_line' id='line_1_9' title="bbox 158 720 1502 767; baseline 0 -12"><span class='ocrx_word' id='word_1_74' title='bbox 158 720 277 766; x_wconf 85' lang='lat' dir='ltr'>ipsum</span> <span class='ocrx_word' id='word_1_75' title='bbox 304 722 476 767; x_wconf 85' lang='lat' dir='ltr'>temporis</span> <span class='ocrx_word' id='word_1_76' title='bbox 504 723 726 757; x_wconf 87' lang='lat' dir='ltr'>momentum</span> <span class='ocrx_word' id='word_1_77' title='bbox 754 720 935 766; x_wconf 86' lang='lat' dir='ltr'>differtur,</span> <span class='ocrx_word' id='word_1_78' title='bbox 968 731 1049 755; x_wconf 86' lang='lat' dir='ltr'>oum</span> <span class='ocrx_word' id='word_1_79' title='bbox 1077 720 1217 755; x_wconf 88' lang='lat' dir='ltr'>Helena</span> <span class='ocrx_word' id='word_1_80' title='bbox 1244 722 1341 755; x_wconf 85' lang='lat' dir='ltr'>esset</span> <span class='ocrx_word' id='word_1_81' title='bbox 1367 721 1502 766; x_wconf 88' lang='lat' dir='ltr'>profec-</span> 
     </span>
     <span class='ocr_line' id='line_1_10' title="bbox 158 784 1504 831; baseline 0 -12"><span class='ocrx_word' id='word_1_82' title='bbox 158 785 265 821; x_wconf 84' lang='lat' dir='ltr'>tura?</span> <span class='ocrx_word' id='word_1_83' title='bbox 294 797 386 831; x_wconf 87' lang='lat' dir='ltr'>quae</span> <span class='ocrx_word' id='word_1_84' title='bbox 408 785 551 831; x_wconf 86' lang='lat' dir='ltr'>quidem</span> <span class='ocrx_word' id='word_1_85' title='bbox 572 785 831 821; x_wconf 88' lang='lat' dir='ltr'>absurdissima</span> <span class='ocrx_word' id='word_1_86' title='bbox 853 786 949 820; x_wconf 88' lang='lat' dir='ltr'>esset</span> <span class='ocrx_word' id='word_1_87' title='bbox 969 784 1151 830; x_wconf 75' lang='lat' dir='ltr'>cogitatio.</span> <span class='ocrx_word' id='word_1_88' title='bbox 1174 803 1219 808; x_wconf 97' lang='lat'><strong>—</strong></span> <span class='ocrx_word' id='word_1_89' title='bbox 1239 784 1387 823; x_wconf 79' lang='lat' dir='ltr'>Accedit</span> <span class='ocrx_word' id='word_1_90' title='bbox 1409 784 1504 830; x_wconf 89' lang='lat' dir='ltr'>quod</span> 
     </span>
     <span class='ocr_line' id='line_1_11' title="bbox 158 847 1505 893; baseline 0.001 -11"><span class='ocrx_word' id='word_1_91' title='bbox 158 848 246 883; x_wconf 88' lang='lat' dir='ltr'>haec</span> <span class='ocrx_word' id='word_1_92' title='bbox 267 850 347 884; x_wconf 90' lang='lat' dir='ltr'>tota</span> <span class='ocrx_word' id='word_1_93' title='bbox 368 849 412 884; x_wconf 88' lang='lat' dir='ltr'>de</span> <span class='ocrx_word' id='word_1_94' title='bbox 429 849 646 887; x_wconf 77' lang='lat' dir='ltr'>Hermionae</span> <span class='ocrx_word' id='word_1_95' title='bbox 668 849 768 883; x_wconf 89' lang='lat' dir='ltr'>luctu</span> <span class='ocrx_word' id='word_1_96' title='bbox 789 848 950 883; x_wconf 87' lang='lat' dir='ltr'>narratio</span> <span class='ocrx_word' id='word_1_97' title='bbox 966 859 1040 883; x_wconf 93' lang='lat' dir='ltr'>non</span> <span class='ocrx_word' id='word_1_98' title='bbox 1055 847 1210 882; x_wconf 85' lang='lat' dir='ltr'>concinit</span> <span class='ocrx_word' id='word_1_99' title='bbox 1225 858 1306 882; x_wconf 90' lang='lat' dir='ltr'>cum</span> <span class='ocrx_word' id='word_1_100' title='bbox 1322 860 1355 884; x_wconf 88' lang='lat' dir='ltr'>v.</span> <span class='ocrx_word' id='word_1_101' title='bbox 1375 850 1422 883; x_wconf 91' lang='grc'>91</span> <span class='ocrx_word' id='word_1_102' title='bbox 1443 860 1505 893; x_wconf 90' lang='lat' dir='ltr'>sq.,</span> 
     </span>
     <span class='ocr_line' id='line_1_12' title="bbox 157 911 1164 960; baseline 0.002 -13"><span class='ocrx_word' id='word_1_103' title='bbox 157 912 221 948; x_wconf 87' lang='lat' dir='ltr'>ubi</span> <span class='ocrx_word' id='word_1_104' title='bbox 249 924 286 948; x_wconf 90' lang='lat' dir='ltr'>se</span> <span class='ocrx_word' id='word_1_105' title='bbox 313 924 359 948; x_wconf 91' lang='lat' dir='ltr'>ne</span> <span class='ocrx_word' id='word_1_106' title='bbox 387 913 596 960; x_wconf 86' lang='lat' dir='ltr'>cognovisse</span> <span class='ocrx_word' id='word_1_107' title='bbox 623 912 768 958; x_wconf 89' lang='lat' dir='ltr'>quidem</span> <span class='ocrx_word' id='word_1_108' title='bbox 795 913 950 948; x_wconf 88' lang='lat' dir='ltr'>matrem</span> <span class='ocrx_word' id='word_1_109' title='bbox 977 911 1065 947; x_wconf 88' lang='lat' dir='ltr'>dicit</span> <span class='ocrx_word' id='word_1_110' title='bbox 1091 912 1164 949; x_wconf 84' lang='lat' dir='ltr'>illa.</span> 
     </span>
     <span class='ocr_line' id='line_1_13' title="bbox 172 966 1502 1022; baseline -0.001 -10"><span class='ocrx_word' id='word_1_111' title='bbox 172 966 174 969; x_wconf 34' lang='lat'>⁵</span> <span class='ocrx_word' id='word_1_112' title='bbox 264 977 331 1012; x_wconf 90' lang='lat' dir='ltr'>His</span> <span class='ocrx_word' id='word_1_113' title='bbox 364 976 508 1022; x_wconf 90' lang='lat' dir='ltr'>quidem</span> <span class='ocrx_word' id='word_1_114' title='bbox 542 977 630 1012; x_wconf 89' lang='lat' dir='ltr'>satis</span> <span class='ocrx_word' id='word_1_115' title='bbox 663 976 756 1011; x_wconf 84' lang='lat' dir='ltr'>effici</span> <span class='ocrx_word' id='word_1_116' title='bbox 789 977 877 1021; x_wconf 88' lang='lat' dir='ltr'>puto</span> <span class='ocrx_word' id='word_1_117' title='bbox 912 976 1082 1011; x_wconf 87' lang='lat' dir='ltr'>delendos</span> <span class='ocrx_word' id='word_1_118' title='bbox 1115 987 1193 1011; x_wconf 85' lang='lat' dir='ltr'>esse</span> <span class='ocrx_word' id='word_1_119' title='bbox 1221 978 1393 1021; x_wconf 87' lang='lat' dir='ltr'>quattuor</span> <span class='ocrx_word' id='word_1_120' title='bbox 1419 976 1502 1011; x_wconf 89' lang='lat' dir='ltr'>illos</span> 
     </span>
     <span class='ocr_line' id='line_1_14' title="bbox 158 1039 1503 1086; baseline -0.001 -10"><span class='ocrx_word' id='word_1_121' title='bbox 158 1051 293 1076; x_wconf 89' lang='lat' dir='ltr'>versus.</span> <span class='ocrx_word' id='word_1_122' title='bbox 332 1040 450 1086; x_wconf 89' lang='lat' dir='ltr'>Atque</span> <span class='ocrx_word' id='word_1_123' title='bbox 472 1041 532 1076; x_wconf 86' lang='lat' dir='ltr'>vix</span> <span class='ocrx_word' id='word_1_124' title='bbox 555 1039 677 1086; x_wconf 83' lang='lat' dir='ltr'>urgeri</span> <span class='ocrx_word' id='word_1_125' title='bbox 698 1050 843 1075; x_wconf 87' lang='lat' dir='ltr'>necesse</span> <span class='ocrx_word' id='word_1_126' title='bbox 871 1041 927 1074; x_wconf 92' lang='lat' dir='ltr'>est</span> <span class='ocrx_word' id='word_1_127' title='bbox 953 1051 1032 1074; x_wconf 84' lang='lat' dir='ltr'>eam</span> <span class='ocrx_word' id='word_1_128' title='bbox 1061 1051 1148 1085; x_wconf 84' lang='lat' dir='ltr'>rem,</span> <span class='ocrx_word' id='word_1_129' title='bbox 1176 1040 1271 1085; x_wconf 89' lang='lat' dir='ltr'>quod</span> <span class='ocrx_word' id='word_1_130' title='bbox 1298 1051 1343 1075; x_wconf 91' lang='lat' dir='ltr'>ne</span> <span class='ocrx_word' id='word_1_131' title='bbox 1371 1051 1503 1075; x_wconf 90' lang='lat' dir='ltr'>sermo-</span> 
     </span>
     <span class='ocr_line' id='line_1_15' title="bbox 157 1104 1504 1150; baseline -0.001 -11"><span class='ocrx_word' id='word_1_132' title='bbox 157 1116 239 1139; x_wconf 87' lang='lat' dir='ltr'>nem</span> <span class='ocrx_word' id='word_1_133' title='bbox 267 1105 410 1149; x_wconf 89' lang='lat' dir='ltr'>quidem</span> <span class='ocrx_word' id='word_1_134' title='bbox 439 1104 567 1140; x_wconf 86' lang='lat' dir='ltr'>Ovidio</span> <span class='ocrx_word' id='word_1_135' title='bbox 590 1104 749 1150; x_wconf 83' lang='lat' dir='ltr'>dignum</span> <span class='ocrx_word' id='word_1_136' title='bbox 782 1115 860 1139; x_wconf 90' lang='lat' dir='ltr'>esse</span> <span class='ocrx_word' id='word_1_137' title='bbox 893 1106 1076 1149; x_wconf 79' lang='lat' dir='ltr'>appareat.</span> <span class='ocrx_word' id='word_1_138' title='bbox 1130 1104 1225 1139; x_wconf 89' lang='lat' dir='ltr'>Nam</span> <span class='ocrx_word' id='word_1_139' title='bbox 1258 1106 1295 1139; x_wconf 91' lang='lat' dir='ltr'>et</span> <span class='ocrx_word' id='word_1_140' title='bbox 1327 1104 1365 1139; x_wconf 89' lang='lat' dir='ltr'>in</span> <span class='ocrx_word' id='word_1_141' title='bbox 1397 1116 1504 1140; x_wconf 86' lang='lat' dir='ltr'>versu</span> 
     </span>
    </p>

    <p class='ocr_par' dir='ltr' id='par_1_2' title="bbox 157 1168 1505 1725">
     <span class='ocr_line' id='line_1_16' title="bbox 340 1168 1329 1215; baseline 0 -11"><span class='ocrx_word' id='word_1_142' title='bbox 340 1169 425 1214; x_wconf 90' lang='lat' dir='ltr'>Ipsa</span> <span class='ocrx_word' id='word_1_143' title='bbox 452 1180 519 1215; x_wconf 84' lang='lat' dir='ltr'>ego</span> <span class='ocrx_word' id='word_1_144' title='bbox 546 1179 618 1204; x_wconf 92' lang='lat' dir='ltr'>non</span> <span class='ocrx_word' id='word_1_145' title='bbox 644 1168 772 1214; x_wconf 87' lang='lat' dir='ltr'>longos</span> <span class='ocrx_word' id='word_1_146' title='bbox 800 1168 910 1206; x_wconf 79' lang='lat' dir='ltr'>etiam</span> <span class='ocrx_word' id='word_1_147' title='bbox 937 1170 1016 1203; x_wconf 91' lang='lat' dir='ltr'>tum</span> <span class='ocrx_word' id='word_1_148' title='bbox 1044 1168 1155 1204; x_wconf 87' lang='lat' dir='ltr'>scissa</span> <span class='ocrx_word' id='word_1_149' title='bbox 1182 1168 1329 1214; x_wconf 86' lang='lat' dir='ltr'>capillos</span> 
     </span>
     <span class='ocr_line' id='line_1_17' title="bbox 159 1228 1505 1281; baseline 0.001 -14"><span class='ocrx_word' id='word_1_150' title='bbox 159 1228 300 1277; x_wconf 73' lang='lat' dir='ltr'>‘parum</span> <span class='ocrx_word' id='word_1_151' title='bbox 318 1229 517 1278; x_wconf 87' lang='lat' dir='ltr'>eleganter&#39;</span> <span class='ocrx_word' id='word_1_152' title='bbox 535 1229 605 1281; x_wconf 85' lang='lat' dir='ltr'>(ita</span> <span class='ocrx_word' id='word_1_153' title='bbox 621 1228 758 1279; x_wconf 88' lang='lat' dir='ltr'>Loers.)</span> <span class='ocrx_word' id='word_1_154' title='bbox 777 1232 914 1267; x_wconf 85' lang='lat' dir='ltr'>dictum</span> <span class='ocrx_word' id='word_1_155' title='bbox 936 1235 993 1268; x_wconf 88' lang='lat' dir='ltr'>est</span> <span class='ocrx_word' id='word_1_156' title='bbox 1015 1229 1100 1267; x_wconf 73' lang='lat' dir='ltr'>‘non</span> <span class='ocrx_word' id='word_1_157' title='bbox 1121 1233 1247 1278; x_wconf 84' lang='lat' dir='ltr'>longos</span> <span class='ocrx_word' id='word_1_158' title='bbox 1270 1229 1444 1278; x_wconf 83' lang='lat' dir='ltr'>capillos’,</span> <span class='ocrx_word' id='word_1_159' title='bbox 1467 1235 1505 1268; x_wconf 88' lang='lat' dir='ltr'>et</span> 
     </span>
     <span class='ocr_line' id='line_1_18' title="bbox 158 1292 1502 1341; baseline 0 -11"><span class='ocrx_word' id='word_1_160' title='bbox 158 1296 336 1340; x_wconf 87' lang='lat' dir='ltr'>particula</span> <span class='ocrx_word' id='word_1_161' title='bbox 370 1292 494 1330; x_wconf 80' lang='lat' dir='ltr'>‘etiam</span> <span class='ocrx_word' id='word_1_162' title='bbox 526 1292 618 1330; x_wconf 89' lang='lat' dir='ltr'>tum&#39;</span> <span class='ocrx_word' id='word_1_163' title='bbox 652 1296 726 1340; x_wconf 91' lang='lat' dir='ltr'>vel,</span> <span class='ocrx_word' id='word_1_164' title='bbox 767 1306 875 1341; x_wconf 89' lang='lat' dir='ltr'>quam</span> <span class='ocrx_word' id='word_1_165' title='bbox 909 1296 1098 1340; x_wconf 82' lang='lat' dir='ltr'>praeponit</span> <span class='ocrx_word' id='word_1_166' title='bbox 1138 1296 1323 1341; x_wconf 87' lang='lat' dir='ltr'>Heinsius,</span> <span class='ocrx_word' id='word_1_167' title='bbox 1363 1293 1502 1331; x_wconf 77' lang='lat' dir='ltr'>‘etiam—</span> 
     </span>
     <span class='ocr_line' id='line_1_19' title="bbox 158 1356 1503 1405; baseline 0 -11"><span class='ocrx_word' id='word_1_168' title='bbox 158 1356 268 1404; x_wconf 88' lang='lat' dir='ltr'>num&#39;,</span> <span class='ocrx_word' id='word_1_169' title='bbox 291 1361 367 1394; x_wconf 90' lang='lat' dir='ltr'>tam</span> <span class='ocrx_word' id='word_1_170' title='bbox 390 1359 510 1404; x_wconf 88' lang='lat' dir='ltr'>inepte</span> <span class='ocrx_word' id='word_1_171' title='bbox 533 1358 686 1404; x_wconf 86' lang='lat' dir='ltr'>additur,</span> <span class='ocrx_word' id='word_1_172' title='bbox 703 1360 745 1394; x_wconf 88' lang='lat' dir='ltr'>ut</span> <span class='ocrx_word' id='word_1_173' title='bbox 767 1359 810 1394; x_wconf 89' lang='lat' dir='ltr'>de</span> <span class='ocrx_word' id='word_1_174' title='bbox 832 1359 1037 1404; x_wconf 84' lang='lat' dir='ltr'>corruptela</span> <span class='ocrx_word' id='word_1_175' title='bbox 1058 1359 1289 1405; x_wconf 85' lang='lat' dir='ltr'>cogitandum</span> <span class='ocrx_word' id='word_1_176' title='bbox 1311 1361 1417 1405; x_wconf 85' lang='lat' dir='ltr'>esset,</span> <span class='ocrx_word' id='word_1_177' title='bbox 1433 1359 1503 1394; x_wconf 89' lang='lat' dir='ltr'>nisi</span> 
     </span>
     <span class='ocr_line' id='line_1_20' title="bbox 157 1410 1503 1469; baseline 0.001 -11"><span class='ocrx_word' id='word_1_178' title='bbox 157 1423 237 1459; x_wconf 88' lang='lat' dir='ltr'>aliis</span> <span class='ocrx_word' id='word_1_179' title='bbox 259 1423 431 1469; x_wconf 86' lang='lat' dir='ltr'>gravibus</span> <span class='ocrx_word' id='word_1_180' title='bbox 453 1423 496 1458; x_wconf 89' lang='lat' dir='ltr'>de</span> <span class='ocrx_word' id='word_1_181' title='bbox 519 1423 636 1458; x_wconf 86' lang='lat' dir='ltr'>causis</span> <span class='ocrx_word' id='word_1_182' title='bbox 658 1434 783 1458; x_wconf 86' lang='lat' dir='ltr'>versus</span> <span class='ocrx_word' id='word_1_183' title='bbox 806 1423 1018 1458; x_wconf 86' lang='lat' dir='ltr'>subditicius</span> <span class='ocrx_word' id='word_1_184' title='bbox 1040 1410 1325 1469; x_wconf 74' lang='lat' dir='ltr'>cognosceretur.</span> <span class='ocrx_word' id='word_1_185' title='bbox 1375 1422 1503 1459; x_wconf 88' lang='lat' dir='ltr'>Ovidio</span> 
     </span>
     <span class='ocr_line' id='line_1_21' title="bbox 158 1486 1502 1533; baseline 0.001 -12"><span class='ocrx_word' id='word_1_186' title='bbox 158 1487 271 1533; x_wconf 89' lang='lat' dir='ltr'>igitur</span> <span class='ocrx_word' id='word_1_187' title='bbox 296 1486 489 1522; x_wconf 86' lang='lat' dir='ltr'>tribuenda</span> <span class='ocrx_word' id='word_1_188' title='bbox 516 1498 586 1522; x_wconf 90' lang='lat' dir='ltr'>non</span> <span class='ocrx_word' id='word_1_189' title='bbox 615 1498 693 1522; x_wconf 87' lang='lat' dir='ltr'>esse</span> <span class='ocrx_word' id='word_1_190' title='bbox 721 1486 889 1522; x_wconf 87' lang='lat' dir='ltr'>videntur</span> <span class='ocrx_word' id='word_1_191' title='bbox 916 1486 986 1522; x_wconf 90' lang='lat' dir='ltr'>duo</span> <span class='ocrx_word' id='word_1_192' title='bbox 1013 1487 1078 1522; x_wconf 86' lang='lat' dir='ltr'>illa</span> <span class='ocrx_word' id='word_1_193' title='bbox 1105 1486 1274 1533; x_wconf 86' lang='lat' dir='ltr'>disticha,</span> <span class='ocrx_word' id='word_1_194' title='bbox 1303 1487 1366 1522; x_wconf 89' lang='lat' dir='ltr'>sed</span> <span class='ocrx_word' id='word_1_195' title='bbox 1392 1488 1502 1522; x_wconf 87' lang='lat' dir='ltr'>inter-</span> 
     </span>
     <span class='ocr_line' id='line_1_22' title="bbox 157 1550 1503 1597; baseline 0 -11"><span class='ocrx_word' id='word_1_196' title='bbox 157 1550 312 1596; x_wconf 88' lang='lat' dir='ltr'>polatori</span> <span class='ocrx_word' id='word_1_197' title='bbox 339 1550 462 1595; x_wconf 86' lang='lat' dir='ltr'>alicui,</span> <span class='ocrx_word' id='word_1_198' title='bbox 489 1550 551 1596; x_wconf 85' lang='lat' dir='ltr'>qui</span> <span class='ocrx_word' id='word_1_199' title='bbox 577 1550 757 1596; x_wconf 84' lang='lat' dir='ltr'>proximos</span> <span class='ocrx_word' id='word_1_200' title='bbox 784 1561 911 1586; x_wconf 86' lang='lat' dir='ltr'>versus</span> <span class='ocrx_word' id='word_1_201' title='bbox 941 1551 1002 1596; x_wconf 80' lang='lat'>75,</span> <span class='ocrx_word' id='word_1_202' title='bbox 1030 1552 1079 1586; x_wconf 79' lang='lat'>76</span> <span class='ocrx_word' id='word_1_203' title='bbox 1108 1550 1256 1596; x_wconf 87' lang='lat' dir='ltr'>paulum</span> <span class='ocrx_word' id='word_1_204' title='bbox 1283 1551 1503 1597; x_wconf 86' lang='lat' dir='ltr'>amplificare</span> 
     </span>
     <span class='ocr_line' id='line_1_23' title="bbox 157 1612 1503 1662; baseline 0 -11"><span class='ocrx_word' id='word_1_205' title='bbox 157 1616 282 1652; x_wconf 89' lang='lat' dir='ltr'>voluit.</span> <span class='ocrx_word' id='word_1_206' title='bbox 308 1634 352 1639; x_wconf 97' lang='lat'><strong>—</strong></span> <span class='ocrx_word' id='word_1_207' title='bbox 375 1615 563 1650; x_wconf 87' lang='lat' dir='ltr'>Palmerus</span> <span class='ocrx_word' id='word_1_208' title='bbox 590 1615 657 1650; x_wconf 91' lang='lat' dir='ltr'>hoc</span> <span class='ocrx_word' id='word_1_209' title='bbox 684 1626 826 1661; x_wconf 89' lang='lat' dir='ltr'>quoque</span> <span class='ocrx_word' id='word_1_210' title='bbox 855 1612 1034 1651; x_wconf 82' lang='lat' dir='ltr'>distichon</span> <span class='ocrx_word' id='word_1_211' title='bbox 1063 1616 1124 1661; x_wconf 82' lang='lat'>75,</span> <span class='ocrx_word' id='word_1_212' title='bbox 1148 1617 1197 1651; x_wconf 85' lang='grc'>76</span> <span class='ocrx_word' id='word_1_213' title='bbox 1226 1616 1503 1662; x_wconf 83' lang='lat' dir='ltr'>circumscripsit</span> 
     </span>
     <span class='ocr_line' id='line_1_24' title="bbox 157 1679 1503 1725; baseline -0.001 -10"><span class='ocrx_word' id='word_1_214' title='bbox 157 1680 310 1715; x_wconf 85' lang='lat' dir='ltr'>maxime</span> <span class='ocrx_word' id='word_1_215' title='bbox 343 1679 443 1715; x_wconf 88' lang='lat' dir='ltr'>nisus</span> <span class='ocrx_word' id='word_1_216' title='bbox 477 1680 555 1715; x_wconf 92' lang='lat' dir='ltr'>loco</span> <span class='ocrx_word' id='word_1_217' title='bbox 587 1679 770 1715; x_wconf 87' lang='lat' dir='ltr'>simillimo</span> <span class='ocrx_word' id='word_1_218' title='bbox 798 1679 862 1723; x_wconf 91' lang='lat' dir='ltr'>IV,</span> <span class='ocrx_word' id='word_1_219' title='bbox 890 1691 945 1725; x_wconf 90' lang='lat' dir='ltr'>ep.</span> <span class='ocrx_word' id='word_1_220' title='bbox 972 1691 1006 1715; x_wconf 87' lang='lat' dir='ltr'>v.</span> <span class='ocrx_word' id='word_1_221' title='bbox 1035 1680 1203 1715; x_wconf 85' lang='lat'>53—62.</span> <span class='ocrx_word' id='word_1_222' title='bbox 1258 1679 1378 1725; x_wconf 81' lang='lat' dir='ltr'>Atque</span> <span class='ocrx_word' id='word_1_223' title='bbox 1406 1682 1503 1715; x_wconf 86' lang='lat' dir='ltr'>certe</span> 
     </span>
    </p>
   </div>
   <div class='ocr_carea' id='block_1_2' title="bbox 157 1743 1562 1789">
    <p class='ocr_par' dir='ltr' id='par_1_3' title="bbox 157 1743 1562 1789">
     <span class='ocr_line' id='line_1_25' title="bbox 157 1743 1562 1789; baseline 0.001 -10"><span class='ocrx_word' id='word_1_224' title='bbox 157 1755 358 1780; x_wconf 83' lang='lat' dir='ltr'>sermonem</span> <span class='ocrx_word' id='word_1_225' title='bbox 384 1755 513 1789; x_wconf 87' lang='lat' dir='ltr'>parum</span> <span class='ocrx_word' id='word_1_226' title='bbox 545 1743 712 1780; x_wconf 81' lang='lat' dir='ltr'>accedere</span> <span class='ocrx_word' id='word_1_227' title='bbox 745 1744 792 1778; x_wconf 88' lang='lat' dir='ltr'>ad</span> <span class='ocrx_word' id='word_1_228' title='bbox 819 1743 1031 1779; x_wconf 86' lang='lat' dir='ltr'>Ovidianam</span> <span class='ocrx_word' id='word_1_229' title='bbox 1065 1744 1282 1789; x_wconf 81' lang='lat' dir='ltr'>elegantiam</span> <span class='ocrx_word' id='word_1_230' title='bbox 1314 1744 1504 1780; x_wconf 89' lang='lat' dir='ltr'>dicendum</span> <span class='ocrx_word' id='word_1_231' title='bbox 1560 1786 1562 1789; x_wconf 8' lang='grc' dir='ltr'>ξ</span> 
     </span>
    </p>
   </div>
   <div class='ocr_carea' id='block_1_3' title="bbox 117 1807 1504 2303">
    <p class='ocr_par' dir='ltr' id='par_1_4' title="bbox 117 1807 1504 2177">
     <span class='ocr_line' id='line_1_26' title="bbox 158 1807 1501 1853; baseline 0 -10"><span class='ocrx_word' id='word_1_232' title='bbox 158 1810 229 1853; x_wconf 89' lang='lat' dir='ltr'>est,</span> <span class='ocrx_word' id='word_1_233' title='bbox 261 1807 473 1852; x_wconf 86' lang='lat' dir='ltr'>praesertim</span> <span class='ocrx_word' id='word_1_234' title='bbox 506 1818 588 1842; x_wconf 92' lang='lat' dir='ltr'>cum</span> <span class='ocrx_word' id='word_1_235' title='bbox 621 1807 712 1843; x_wconf 84' lang='lat' dir='ltr'>exile</span> <span class='ocrx_word' id='word_1_236' title='bbox 745 1807 835 1842; x_wconf 91' lang='lat' dir='ltr'>illud</span> <span class='ocrx_word' id='word_1_237' title='bbox 868 1807 1101 1843; x_wconf 90' lang='lat' dir='ltr'>connectendi</span> <span class='ocrx_word' id='word_1_238' title='bbox 1127 1807 1362 1853; x_wconf 85' lang='lat' dir='ltr'>cogitationes</span> <span class='ocrx_word' id='word_1_239' title='bbox 1390 1808 1501 1843; x_wconf 83' lang='lat' dir='ltr'>artifi-</span> 
     </span>
     <span class='ocr_line' id='line_1_27' title="bbox 117 1867 1498 1920; baseline 0 -13"><span class='ocrx_word' id='word_1_240' title='bbox 117 1867 121 1872; x_wconf 74' lang='grc'>’</span> <span class='ocrx_word' id='word_1_241' title='bbox 158 1872 251 1907; x_wconf 90' lang='lat' dir='ltr'>cium</span> <span class='ocrx_word' id='word_1_242' title='bbox 278 1871 345 1906; x_wconf 92' lang='lat' dir='ltr'>hoc</span> <span class='ocrx_word' id='word_1_243' title='bbox 372 1871 449 1917; x_wconf 88' lang='lat' dir='ltr'>ipso</span> <span class='ocrx_word' id='word_1_244' title='bbox 480 1872 558 1907; x_wconf 87' lang='lat' dir='ltr'>loco</span> <span class='ocrx_word' id='word_1_245' title='bbox 586 1873 760 1917; x_wconf 80' lang='lat' dir='ltr'>appareat</span> <span class='ocrx_word' id='word_1_246' title='bbox 788 1868 978 1920; x_wconf 75' lang='lat' dir='ltr'>(‘memini’</span> <span class='ocrx_word' id='word_1_247' title='bbox 1001 1891 1045 1896; x_wconf 98' lang='lat'><strong>—</strong></span> <span class='ocrx_word' id='word_1_248' title='bbox 1066 1868 1256 1918; x_wconf 77' lang='lat' dir='ltr'>‘mcmini&#39;3</span> <span class='ocrx_word' id='word_1_249' title='bbox 1285 1868 1432 1907; x_wconf 77' lang='lat' dir='ltr'>‘omnia&#39;</span> <span class='ocrx_word' id='word_1_250' title='bbox 1452 1890 1498 1896; x_wconf 90' lang='lat'><em>-</em></span> 
     </span>
     <span class='ocr_line' id='line_1_28' title="bbox 157 1931 1502 1983; baseline 0 -12"><span class='ocrx_word' id='word_1_251' title='bbox 157 1931 332 1983; x_wconf 73' lang='lat' dir='ltr'>‘omnia&#39;)‚</span> <span class='ocrx_word' id='word_1_252' title='bbox 355 1935 449 1980; x_wconf 92' lang='lat' dir='ltr'>quod</span> <span class='ocrx_word' id='word_1_253' title='bbox 472 1935 616 1980; x_wconf 87' lang='lat' dir='ltr'>quidem</span> <span class='ocrx_word' id='word_1_254' title='bbox 639 1936 781 1981; x_wconf 88' lang='lat' dir='ltr'>saepius</span> <span class='ocrx_word' id='word_1_255' title='bbox 804 1936 842 1970; x_wconf 92' lang='lat' dir='ltr'>in</span> <span class='ocrx_word' id='word_1_256' title='bbox 864 1936 952 1972; x_wconf 89' lang='lat' dir='ltr'>locis</span> <span class='ocrx_word' id='word_1_257' title='bbox 970 1936 1113 1972; x_wconf 90' lang='lat' dir='ltr'>omnino</span> <span class='ocrx_word' id='word_1_258' title='bbox 1132 1936 1324 1981; x_wconf 87' lang='lat' dir='ltr'>suspicioni</span> <span class='ocrx_word' id='word_1_259' title='bbox 1341 1936 1502 1971; x_wconf 84' lang='lat' dir='ltr'>obnoxiis</span> 
     </span>
     <span class='ocr_line' id='line_1_29' title="bbox 146 1998 1502 2048; baseline 0.001 -14"><span class='ocrx_word' id='word_1_260' title='bbox 146 1999 461 2048; x_wconf 63' lang='lat' dir='ltr'>deprehendimus.</span> <span class='ocrx_word' id='word_1_261' title='bbox 496 1998 689 2034; x_wconf 87' lang='lat' dir='ltr'>Sedtamen</span> <span class='ocrx_word' id='word_1_262' title='bbox 709 1999 820 2035; x_wconf 86' lang='lat' dir='ltr'>filiam</span> <span class='ocrx_word' id='word_1_263' title='bbox 841 2000 968 2035; x_wconf 88' lang='lat' dir='ltr'>matris</span> <span class='ocrx_word' id='word_1_264' title='bbox 991 2012 1187 2036; x_wconf 90' lang='lat' dir='ltr'>memorem</span> <span class='ocrx_word' id='word_1_265' title='bbox 1204 2000 1349 2045; x_wconf 84' lang='lat' dir='ltr'>rapinae</span> <span class='ocrx_word' id='word_1_266' title='bbox 1366 2000 1502 2035; x_wconf 84' lang='lat' dir='ltr'>diutius</span> 
     </span>
     <span class='ocr_line' id='line_1_30' title="bbox 156 2062 1501 2110; baseline 0 -12"><span class='ocrx_word' id='word_1_267' title='bbox 156 2063 194 2098; x_wconf 91' lang='lat' dir='ltr'>in</span> <span class='ocrx_word' id='word_1_268' title='bbox 221 2062 455 2099; x_wconf 87' lang='lat' dir='ltr'>describenda</span> <span class='ocrx_word' id='word_1_269' title='bbox 481 2062 545 2098; x_wconf 81' lang='lat' dir='ltr'>illa</span> <span class='ocrx_word' id='word_1_270' title='bbox 571 2074 611 2098; x_wconf 91' lang='lat' dir='ltr'>re</span> <span class='ocrx_word' id='word_1_271' title='bbox 638 2063 824 2099; x_wconf 89' lang='lat' dir='ltr'>immorari</span> <span class='ocrx_word' id='word_1_272' title='bbox 850 2076 922 2100; x_wconf 92' lang='lat' dir='ltr'>non</span> <span class='ocrx_word' id='word_1_273' title='bbox 948 2064 1001 2100; x_wconf 89' lang='lat' dir='ltr'>ita</span> <span class='ocrx_word' id='word_1_274' title='bbox 1027 2064 1148 2109; x_wconf 90' lang='lat' dir='ltr'>inepte</span> <span class='ocrx_word' id='word_1_275' title='bbox 1170 2063 1318 2110; x_wconf 77' lang='lat' dir='ltr'>fingitur</span> <span class='ocrx_word' id='word_1_276' title='bbox 1340 2074 1362 2098; x_wconf 88' lang='lat' dir='ltr'>a</span> <span class='ocrx_word' id='word_1_277' title='bbox 1383 2066 1501 2108; x_wconf 88' lang='lat' dir='ltr'>poeta.</span> 
     </span>
     <span class='ocr_line' id='line_1_31' title="bbox 160 2123 1504 2177; baseline 0 -14"><span class='ocrx_word' id='word_1_278' title='bbox 160 2125 221 2177; x_wconf 88' lang='lat' dir='ltr'>(cf.</span> <span class='ocrx_word' id='word_1_279' title='bbox 251 2140 305 2174; x_wconf 91' lang='lat' dir='ltr'>ep.</span> <span class='ocrx_word' id='word_1_280' title='bbox 333 2128 363 2173; x_wconf 94' lang='lat' dir='ltr'>I,</span> <span class='ocrx_word' id='word_1_281' title='bbox 395 2128 468 2163; x_wconf 91' lang='lat'>105</span> <span class='ocrx_word' id='word_1_282' title='bbox 499 2139 550 2173; x_wconf 87' lang='lat' dir='ltr'>sq.</span> <span class='ocrx_word' id='word_1_283' title='bbox 577 2127 712 2163; x_wconf 85' lang='lat' dir='ltr'>ubi&#39;de</span> <span class='ocrx_word' id='word_1_284' title='bbox 740 2128 813 2163; x_wconf 91' lang='lat' dir='ltr'>filio</span> <span class='ocrx_word' id='word_1_285' title='bbox 841 2123 983 2175; x_wconf 77' lang='lat' dir='ltr'>longius</span> <span class='ocrx_word' id='word_1_286' title='bbox 1005 2129 1092 2164; x_wconf 90' lang='lat' dir='ltr'>item</span> <span class='ocrx_word' id='word_1_287' title='bbox 1114 2128 1275 2175; x_wconf 90' lang='lat' dir='ltr'>loquitur</span> <span class='ocrx_word' id='word_1_288' title='bbox 1296 2123 1504 2177; x_wconf 90' lang='lat' dir='ltr'>Penelope.)</span> 
     </span>
    </p>

    <p class='ocr_par' dir='ltr' id='par_1_5' title="bbox 156 2189 1503 2303">
     <span class='ocr_line' id='line_1_32' title="bbox 250 2189 1501 2245; baseline 0 -18"><span class='ocrx_word' id='word_1_289' title='bbox 250 2192 359 2245; x_wconf 30' lang='lat' dir='ltr'>‚Illud</span> <span class='ocrx_word' id='word_1_290' title='bbox 391 2204 476 2228; x_wconf 87' lang='lat' dir='ltr'>vero</span> <span class='ocrx_word' id='word_1_291' title='bbox 510 2192 735 2228; x_wconf 85' lang='lat' dir='ltr'>enuntiatum</span> <span class='ocrx_word' id='word_1_292' title='bbox 769 2189 867 2228; x_wconf 71' lang='lat' dir='ltr'>‘nam</span> <span class='ocrx_word' id='word_1_293' title='bbox 899 2193 1053 2229; x_wconf 85' lang='lat' dir='ltr'>coniunx</span> <span class='ocrx_word' id='word_1_294' title='bbox 1086 2189 1238 2239; x_wconf 74' lang='lat' dir='ltr'>abemt’,</span> <span class='ocrx_word' id='word_1_295' title='bbox 1279 2193 1348 2228; x_wconf 90' lang='lat' dir='ltr'>etsi</span> <span class='ocrx_word' id='word_1_296' title='bbox 1380 2192 1501 2238; x_wconf 90' lang='lat' dir='ltr'>aliquo</span> 
     </span>
     <span class='ocr_line' id='line_1_33' title="bbox 156 2256 1503 2303; baseline 0.001 -12"><span class='ocrx_word' id='word_1_297' title='bbox 156 2256 262 2292; x_wconf 89' lang='lat' dir='ltr'>modo</span> <span class='ocrx_word' id='word_1_298' title='bbox 291 2257 472 2292; x_wconf 88' lang='lat' dir='ltr'>offendere</span> <span class='ocrx_word' id='word_1_299' title='bbox 500 2258 638 2303; x_wconf 90' lang='lat' dir='ltr'>potest,</span> <span class='ocrx_word' id='word_1_300' title='bbox 666 2256 760 2302; x_wconf 87' lang='lat' dir='ltr'>quod</span> <span class='ocrx_word' id='word_1_301' title='bbox 786 2257 1001 2293; x_wconf 87' lang='lat' dir='ltr'>insolentius</span> <span class='ocrx_word' id='word_1_302' title='bbox 1029 2258 1081 2293; x_wconf 85' lang='lat' dir='ltr'>ita</span> <span class='ocrx_word' id='word_1_303' title='bbox 1109 2258 1153 2293; x_wconf 88' lang='lat' dir='ltr'>de</span> <span class='ocrx_word' id='word_1_304' title='bbox 1186 2259 1289 2302; x_wconf 88' lang='lat' dir='ltr'>patre</span> <span class='ocrx_word' id='word_1_305' title='bbox 1299 2256 1453 2292; x_wconf 69' lang='lat' dir='ltr'>odicitur</span> <span class='ocrx_word' id='word_1_306' title='bbox 1481 2269 1503 2292; x_wconf 86' lang='lat' dir='ltr'>a</span> 
     </span>
    </p>
   </div>
   <div class='ocr_carea' id='block_1_4' title="bbox 157 2350 412 2356">
    <p class='ocr_par' dir='ltr' id='par_1_6' title="bbox 157 2350 412 2356">
     <span class='ocr_line' id='line_1_34' title="bbox 157 2350 412 2356; baseline 0 0"><span class='ocrx_word' id='word_1_307' title='bbox 157 2350 412 2356; x_wconf 95' lang='lat' dir='ltr'> </span> 
     </span>
    </p>
   </div>
   <div class='ocr_carea' id='block_1_5' title="bbox 156 2401 1502 2497">
    <p class='ocr_par' dir='ltr' id='par_1_7' title="bbox 156 2401 1502 2497">
     <span class='ocr_line' id='line_1_35' title="bbox 246 2401 1502 2445; baseline 0.002 -12"><span class='ocrx_word' id='word_1_308' title='bbox 246 2404 277 2442; x_wconf 90' lang='lat'>1)</span> <span class='ocrx_word' id='word_1_309' title='bbox 301 2401 442 2435; x_wconf 83' lang='lat' dir='ltr'>Ovidius</span> <span class='ocrx_word' id='word_1_310' title='bbox 474 2411 541 2435; x_wconf 86' lang='lat' dir='ltr'>uno</span> <span class='ocrx_word' id='word_1_311' title='bbox 568 2402 701 2435; x_wconf 85' lang='lat' dir='ltr'>tantum</span> <span class='ocrx_word' id='word_1_312' title='bbox 728 2401 804 2436; x_wconf 86' lang='lat' dir='ltr'>loco</span> <span class='ocrx_word' id='word_1_313' title='bbox 833 2401 876 2436; x_wconf 87' lang='lat' dir='ltr'>de</span> <span class='ocrx_word' id='word_1_314' title='bbox 899 2405 1011 2437; x_wconf 80' lang='lat' dir='ltr'>sorore</span> <span class='ocrx_word' id='word_1_315' title='bbox 1034 2403 1148 2445; x_wconf 81' lang='lat' dir='ltr'>aliqua</span> <span class='ocrx_word' id='word_1_316' title='bbox 1169 2403 1318 2437; x_wconf 85' lang='lat' dir='ltr'>Helenae</span> <span class='ocrx_word' id='word_1_317' title='bbox 1341 2401 1502 2445; x_wconf 80' lang='lat' dir='ltr'>loquitur,</span> 
     </span>
     <span class='ocr_line' id='line_1_36' title="bbox 156 2455 392 2497; baseline 0.008 -11"><span class='ocrx_word' id='word_1_318' title='bbox 156 2463 184 2487; x_wconf 81' lang='lat' dir='ltr'>a.</span> <span class='ocrx_word' id='word_1_319' title='bbox 209 2464 238 2487; x_wconf 76' lang='lat' dir='ltr'>a.</span> <span class='ocrx_word' id='word_1_320' title='bbox 262 2455 320 2497; x_wconf 86' lang='lat'>111,</span> <span class='ocrx_word' id='word_1_321' title='bbox 345 2458 392 2488; x_wconf 82' lang='lat'>11.</span> 
     </span>
    </p>
   </div>
  </div>
 </body>
</html>
